2850 4560
642 93 683 159 21
731 135 772 143 ..

191 291 242 374 26,
268 291 335 355 65*
371 291 438 354 ἀλλ’
472 293 586 355 ἄτοπον
617 292 662 375 NJ
697 294 764 356 τὸν
798 292 868 357 Δία
900 296 966 373 καί
997 290 1225 380 [πάνταςῑλ]

261 382 384 474 θεοὺς
407 397 497 461 τοῦτο’
521 421 557 483 γε

190 505 242 587 32,
270 504 334 569 10³*
369 506 432 590 ἐγὼ
458 508 513 590 μὲν
537 507 607 591 ὑμῖν
635 507 698 589 ἐρῶ
803 506 983 593 ἀχθόμενος
1007 510 1060 592 μὲν
1089 508 1133 590 NJ
1159 509 1226 571 τὸν

262 610 333 675 Δία
356 614 424 675 καί
447 612 616 696 θεούς-,3)
642 615 897 699 ἀναγκαζόμενος
921 614 963 679 δὲ.

190 719 242 801 36,
267 719 308 782 61
420 729 526 784 τοῦτον
557 720 683 797 δικαίως
705 712 844 804 σώσετε,
880 721 962 799 ἀξιον
987 723 1060 785 ὄντα
1083 721 1128 803 NJ
1160 723 1227 784 τὸν
1337 797 1339 802 ,

262 825 333 891 Δία
356 831 424 892 καί
447 829 575 905 θεοὺς
599 831 820 912 άπαντας3)

191 936 243 1018 18,
269 935 335 999 294
357 936 457 999 καίτοι
473 937 516 1020 NJ
540 939 600 1000 τὸν
618 937 806 1021 Ἡρακλέα
829 941 892 1001 καί
915 939 1055 1014 πάντας
1072 937 1225 1020 θεούςβ)

261 1044 287 1105 εί
306 1042 333 1128 γ’
354 1042 400 1106 ἐπ’
418 1043 570 1128 ἀληθείας
590 1043 653 1107 δέοι
674 1045 874 1128 σκοπεῖσθαι,
894 1044 1031 1119 ...τίνες
1044 1095 1050 1108 .
1064 1094 1071 1108 .
1084 1094 1091 1108 .
1104 1044 1160 1107 εἰσι
1177 1094 1183 1108 .
1198 1094 1204 1107 .
1220 1094 1226 1108 .

190 1150 220 1230 9,
246 1147 288 1211 65
397 1149 556 1233 ἡττᾶσθαι
580 1150 737 1235 ἐνόμιζον·
770 1152 856 1235 6νὴ
884 1153 951 1216 τὸν
975 1151 1046 1215 Δία
1070 1154 1227 1215 καὶτὸν

263 1255 442 1322 Ἀπόλλω
467 1258 593 1322 δέδοικα
616 1260 717 1343 ἔγωγε
742 1260 785 1344 μη
809 1260 937 1344 πάθητε
960 1261 1054 1344 ὑμεῖς.

189 1364 241 1446 21,
269 1364 333 1428 198
368 1365 436 1450 ἐμοί
459 1367 515 1451 μὲν
539 1366 584 1448 NJ
609 1368 676 1430 τὸν
700 1366 771 1431 Δία
795 1371 864 1431 καί
887 1370 953 1431 τὸν
978 1366 1142 1430 Ἀπόλλω
1167 1369 1228 1430 καί

261 1472 327 1554 τὴν
351 1470 515 1556 Ἀθηνᾶν
540 1471 707 1556 (εἰρήσεται
724 1475 794 1558 γάρ,
818 1477 879 1538 εἴτε
904 1476 1026 1557 ἄμεινον
1050 1475 1110 1537 εἴτε
1133 1472 1189 1558 μη)

144 1628 244 1710 πρός
346 1629 475 1715 legitur
498 1631 771 1718 undesexaginta
794 1632 895 1697 locis:

188 1738 219 1819 8,
245 1737 288 1800 34
322 1738 398 1822 φέρε
421 1743 481 1824 γάρ
505 1743 603 1823 πρὸς
627 1740 733 1825 Διός,
836 1740 863 1804 τί
886 1742 1015 1826 ἐροῦμεν
1041 1764 1110 1824 ...;

192 1844 242 1927 18,
267 1843 331 1908 201
356 1846 413 1909 τίσι
437 1846 462 1909 δ’
487 1847 664 1932 ὀφθαλμοῖς
687 1849 787 1930 πρὸς
811 1846 903 1923 Διὸς
927 1848 1073 1932 ἑωρῶμεν
1098 1849 1139 1911 ἀν.
1157 1849 1227 1923 τοὺς

189 2057 241 2141 20,
267 2059 312 2121 23
413 2062 513 2142 πρὸς
537 2060 630 2137 Διὸς
652 2061 783 2145 πότερον
808 2071 947 2144 κρεῖττον
972 2061 1010 2145 ην
1035 2085 1103 2144 ...;

191 2165 243 2246 20,
268 2165 310 2229 66
342 2165 416 2248 φέρε
439 2169 501 2251 γάρ
529 2169 629 2249 πρὸς
653 2167 760 2251 Διὸς,
794 2167 837 2244 τίς
861 2169 940 2232 ἔστιν
965 2170 1046 2245 ὅστις
1070 2171 1103 2232 εὖ
1128 2179 1226 2232 ποιεῖν

263 2323 269 2336 .
286 2323 316 2337 ..
342 2272 539 2358 βουλήσεται,
1099 2351 1102 2360 ¹

191 2379 243 2462 20,
270 2379 313 2444 74
335 2384 414 2466 φημί
437 2381 536 2461 τοίνυν
561 2385 641 2465 (καί
664 2385 764 2466 πρὸς
788 2382 880 2461 Διὸς
987 2385 1093 2469 μηδείς
1117 2383 1225 2467 φθόνῳ

341 2490 476 2574 ἀκούση)

190 2594 242 2676 20,
270 2595 333 2660 102
368 2596 457 2680 Ἐμοί
487 2597 512 2661 δ’
545 2599 569 2661 ὦ
602 2599 712 2681 ἀνδρες
748 2597 815 2662 Ἀθ.
851 2599 937 2661 δοκεῖ
970 2596 1125 2683 Λεπτίνης
1160 2599 1227 2680 (καί

262 2725 326 2786 μοι
349 2706 448 2786 πρὸς
472 2702 602 2786 Διὸςῧ)
627 2706 723 2790 μηδὲν
748 2705 897 2789 ὀργιςθης
922 2708 988 2786 ...)
1274 2700 1277 2706 ’

190 2808 243 2890 20,
269 2809 333 2874 157
357 2810 433 2893 φέρε
456 2814 518 2895 γάρ
542 2813 634 2893 πρὸς
658 2810 752 2895 Διός,
775 2811 802 2875 τί
822 2811 940 2896 μάλιστ’
959 2813 995 2874 ἀν
1012 2811 1227 2895 ἀπευξαίμεθα

262 2915 380 2991 πάντες·
401 2968 407 2980 .
425 2967 431 2981 .
449 2941 469 2999 .;

189 3021 241 3103 23,
267 3021 311 3084 24
341 3022 508 3087 θεάσασθε
537 3025 575 3108 δὴ
604 3027 704 3107 πρὸς
728 3022 847 3107 Διὸς,
868 3024 909 3100 ὡς
936 3025 1043 3100 άπλιῖις
1145 3023 1225 3109 χρή-

261 3151 353 3215 σομαι
376 3140 420 3216 τῷ
444 3114 528 3216 λάγῳ

190 3236 242 3319 23,
268 3238 312 3300 60
343 3238 511 3302 θεάσασθε
534 3241 633 3322 πρὸς
657 3239 764 3323 Διός,
789 3239 831 3315 ὡς
855 3241 897 3304 εὑ.

189 3343 241 3425 23,
269 3343 333 3408 120
356 3343 437 3427 ἡνίκ’
541 3346 628 3410 πάντ’
653 3347 691 3430 ἠν
716 3345 927 3430 Ἀλέξανδρος,
950 3349 1040 3430 πρὸς
1064 3345 1147 3422 Διὸς

259 3451 396 3533 ἀσφαλὲς
420 3453 458 3536 ἠν
483 3475 525 3537 τῳ
549 3453 622 3536 παρ’
648 3456 741 3517 αὐτοῦ
767 3454 857 3539 δίκην
881 3455 1049 3538 πειρᾶσθαι
1072 3455 1191 3541 λαβεῖν,

188 3556 240 3639 23,
268 3556 330 3621 142
449 3561 547 3642 πρὸς
570 3559 662 3636 Διὸς
695 3560 875 3645 θεάσασθε,
906 3560 947 3638 εἰς
971 3562 1049 3646 ὅσην
1075 3562 1226 3647 αἰσχύνην

259 3665 296 3727 ἀν
320 3664 340 3748 ἡ
366 3666 453 3742 πόλις
477 3664 566 3750 ἡμῶν
591 3666 748 3751 ἐληλύθει.

239 3809 342 3870 πάντας
362 3821 417 3858 om.
436 3810 455 3858 Σ
469 3810 488 3858 Υ
501 3811 521 3859 Ω
535 3808 562 3860 k.

241 3900 287 3947 καί
305 3899 366 3959 τοὺς
385 3899 466 3960 θεούς
484 3915 507 3950 r.

240 3990 286 4038 καί
304 3989 366 4050 τοὺς
385 3989 466 4050 θεούς
485 4005 507 4040 r.

239 4079 341 4139 πάντας
360 4078 442 4139 θεούς
461 4076 586 4146 ΣΥΙτσς
606 4075 709 4130 ceteri:
731 4081 835 4142 πάντας
853 4080 915 4142 τοὺς
933 4080 1022 4143 θεούς.

239 4167 307 4231 πρὸς
325 4167 383 4229 Διὸς
402 4163 457 4217 om.
476 4168 495 4216 Σ
509 4169 535 4219 Υ.
818 4178 820 4183 “

191 3807 211 3874 ¹)

189 3894 212 3966 ²)

188 3984 211 4058 ³)

187 4075 210 4146 ⁴)

186 4163 209 4236 ⁵)
