2850 4560
584 99 803 170 ..17-

222 301 274 386 21,
299 301 343 366 98
375 300 519 367 τίνα
544 300 617 378 ἕξετ’
643 298 735 365 εἰπεῖν
759 300 913 383 πρόφασιν
938 323 1006 382 ...;
1038 299 1083 365 ὅτι
1111 302 1157 384 NJ
1186 302 1257 366 Δία

294 408 431 495 ἀσελγής
454 410 517 474 ἐστι
541 459 595 474 ...

223 519 275 603 91,
299 520 343 584 99
374 520 401 584 τί
425 521 478 583 οὖν
501 519 685 601 ὑπόλοιπον;
709 518 836 602 ἐλεῆσαι
859 518 904 600 NJ
930 516 1008 581 Δία.

222 627 275 711 91,
303 629 366 692 109
390 627 417 692 τί
432 631 494 712 γὰρ
595 626 693 709 πέρας
718 628 754 690 ἂν
770 625 880 710 φήσειέ
903 648 946 701 τις
970 626 1048 688 εἰναι
1071 625 1256 701 κακίας...

295 736 462 818 ἄνθρωπος
477 736 503 798 εί
517 733 651 818 ποιήσας
672 735 755 798 δεινὰ
777 734 822 816 NJ
846 731 917 797 Δία
940 735 993 795 καὶ
1015 732 1120 796 πολλὰ
1144 733 1260 811 ἀδίκως

295 840 371 923 τινά,
395 893 401 906 .
421 893 427 906 .
447 894 453 906 .
478 840 586 925 πολλῷ
606 839 792 922 δεινότερα..
812 891 844 906 ..
869 838 1147 923 προςεξεργοίζοιτο
1173 892 1204 906 ..
1224 892 1231 907 .

224 949 277 1031 91,
304 948 368 1012 148
398 947 476 1023 τίνος
498 951 561 1032 γὰρ
585 949 691 1030 ἕνεκα;
800 947 908 1032 γὲνους
932 949 1025 1010 ἕνεκα
1048 946 1093 1028 NJ
1118 945 1160 1009 Δί
1169 970 1197 1012 σι.

225 1055 277 1138 91,
304 1055 369 1118 160
400 1054 482 1118 ἀλλὰ
505 1054 549 1137 νή
575 1053 646 1117 Δία
669 1053 781 1138 τριήρη
805 1053 971 1119 ἐπέδωκεν.

225 1163 277 1245 91,
304 1163 369 1226 198
398 1165 451 1226 καὶ
474 1161 520 1245 νή
545 1160 602 1226 Δί’
627 1164 729 1238 αὐτοῖς
752 1161 854 1244 πολλή
880 1160 1048 1247 συγγνώμη

226 1268 278 1352 91,
307 1268 372 1332 999
404 1271 457 1331 καὶ
487 1268 543 1331 τίνι
572 1266 635 1352 χρή
668 1290 704 1353 με
734 1269 873 1353 λογισμῷ
901 1276 1132 1350 περιεῖναι
1161 1269 1186 1332 εἰ
1208 1291 1261 1333 πε-

297 1374 448 1459 ριόψεσθέ
464 1396 501 1459 με
517 1384 569 1438 νῦν
586 1375 682 1458 ὑμείς;
705 1374 816 1457 θάρρει
840 1375 881 1456 NJ
904 1372 1010 1456 mast)
1027 1371 1196 1456 φήσειὲτις
1213 1376 1259 1439 ἀν.

226 1481 279 1564 99,
305 1481 347 1545 69
379 1479 476 1544 Ἀλλὰ
498 1480 542 1562 NJ
569 1478 639 1545 Δία
671 1490 768 1545 ταῦτα
791 1482 845 1565 μὲν
868 1480 1004 1556 τοιοῦτος
1027 1479 1120 1563 ἐστιν,
1153 1481 1185 1543 ἐν
1217 1485 1262 1557 οἷς

297 1587 519 1670 πεπολίτευται,
544 1639 576 1652 ..
596 1639 603 1653 .

227 1694 279 1778 93,
305 1694 345 1758 61
380 1693 463 1757 ἀλλὰ
487 1695 531 1778 NJ
557 1693 628 1757 Δία
652 1703 902 1778 συκοφαντοῦμεν
926 1696 961 1757 τὸ
985 1703 1124 1778 πρᾶγμα.

227 1801 279 1885 93,
305 1801 349 1865 64
379 1801 423 1884 NJ
459 1800 545 1885 Δία,
579 1804 653 1878 ἴσως
688 1803 766 1865 εἴποι
800 1823 843 1878 τις
879 1803 930 1884 ἀν,
966 1801 1048 1865 ἀλλὰ
1081 1812 1179 1866 ταῦτα
1209 1804 1263 1887 μὲν

298 1909 420 1985 οὐδενός
444 1908 503 1972 ἐστ’
529 1908 608 1986 ἄξια.

227 2015 370 2098 93,107
405 2017 459 2078 καί
482 2014 541 2099 μήν
565 2013 627 2077 οὐδ
652 2013 841 2098 ἐκεῖνόγ’
826 2035 906 2077 εστιν
929 2014 1034 2098 εἰπεῖν,
1066 2016 1111 2079 ὅτι
1135 2016 1179 2099 NJ
1204 2014 1261 2079 Δί’

299 2122 426 2199 είκοτως
450 2121 763 2206 ἐφενακίσθητε..

228 2231 280 2313 93,
308 2229 429 2296 194..
448 2228 607 2311 ,πότερον
624 2228 827 2313 ψηφιούμεθα
842 2237 934 2291 πᾶσιν
950 2227 1019 2311 ή
987 2249 1035 2290 ου·
1029 2179 1264 2314 ,ψηφιούμεθα

300 2338 345 2420 NJ
370 2336 499 2402 Δία..

228 2446 281 2528 93,
308 2445 371 2508 166
395 2445 466 2508 οὐδὲ
489 2389 551 2529 γθιρ
575 2443 717 2528 τοῦτο’γ’
743 2445 830 2507 ἂν
802 2465 882 2507 ειποι
905 2465 948 2520 τις
976 2442 1045 2526 „NJ
1070 2441 1127 2506 Δί’
1152 2443 1264 2528 ἀμυνο·
1352 2506 1371 2523 ς

301 2573 390 2636 μενος
414 2555 474 2637 γὰρ
500 2604 557 2618 ...
584 2551 678 2615 ἐποίει
701 2573 728 2615 τι
751 2551 878 2615 κακόν.“

230 2657 282 2740 93,
309 2658 373 2721 194
412 2659 436 2720 εἰ
468 2658 531 2742 μετ’
564 2657 718 2742 ἀληθείας
843 2657 882 2740 ήν
913 2655 995 2740 ἡμῖν.
1016 2656 1103 2740 φίλος
1134 2660 1189 2721 καί
1219 2658 1264 2740 NJ

301 2762 372 2840 Δία
395 2764 498 2828 πάντα
520 2764 650 2848 τάγαθὰ
672 2763 806 2847 ήμελλεν,
830 2761 913 2846 ἡμᾶς
936 2761 1074 2847 ποιήσειν
1100 2814 1159 2829 ...

185 2920 187 2925 .
231 2869 283 2953 94,
309 2872 351 2935 37
383 2871 465 2936 ἀλλὰ
488 2871 675 2957 γράψασθαι
699 2870 744 2953 NJ
769 2869 826 2933 Δί’
851 2872 984 2935 ἕκαστον
1008 2872 1088 2935 ἔστιν
1113 2923 1172 2936 ...

230 2977 282 3061 94,
307 2978 352 3041 94
381 2987 448 3054 πῶς
478 2981 517 3042 τα
544 2976 697 3062 χρήματα
732 2976 942 3061 είςπράξομεν;
1059 2978 1187 3063 ἐροῦμεν
1219 2979 1264 3062 NJ

302 3084 372 3149 Δία
396 3095 458 3162 τοῖς
481 3084 616 3169 Ἕλλησι
641 3129 701 3151 ..-.

231 3191 283 3276 24,
308 3193 351 3257 99
386 3195 441 3256 καί
471 3192 498 3257 τί
528 3193 637 3257 λοιπόν
669 3191 736 3255 ἐσθ’
761 3189 833 3275 ήμῐν
857 3191 877 3275 ή
902 3191 1152 3277 καταλελύσθαη
1183 3193 1266 3258 ἀλλὰ

302 3300 347 3383 NJ
372 3298 428 3363 Δί’
454 3299 562 3384 ἀμισθὶ
584 3299 686 3364 πάντα
710 3297 888 3383 ποιήσομεν.

231 3405 283 3488 94,
310 3406 374 3469 195
399 3406 481 3469 ἀλλὰ
505 3405 550 3488 NJ
575 3404 660 3488 Δία,
685 3406 815 3489 αἰσχρὸν
838 3407 913 3482 ἴσως
937 3406 974 3468 ἂν
998 3406 1037 3489 ήν
1062 3429 1136 3490 ...;

230 3513 283 3596 94,
309 3513 373 3578 196
406 3514 488 3577 ἀλλὰ
515 3512 556 3579 Μ.
582 3514 679 3577 δεινὸν
708 3513 753 3596 NJ
777 3511 834 3575 Δί’
848 3512 874 3594 ²)
898 3512 990 3596 ἐστίν,
1021 3513 1046 3577 εί
1076 3512 1266 3599 δεθήσεσθαι

302 3620 512 3704 ἔμελλεν

231 3725 284 3808 94,
311 3726 374 3791 176
405 3726 498 3790 Αλλὰ
528 3727 573 3809 NJ
604 3724 645 3789 Δί
637 3749 675 3789 α
702 3735 800 3790 ταῦτα
829 3724 922 3810 μόνον
945 3735 1074 3790 τοιοῦτοι
1097 3726 1267 3812 γεγόνασιν,

303 3832 335 3896 ἐν
359 3835 404 3909 οἷς
426 3833 714 3899 πεπολίτευνται..

232 3938 284 4022 94,
310 3937 374 4003 909
421 3940 505 4004 ἀλλὰ
527 3939 573 4023 νή
599 3937 669 4002 Δία
691 3939 749 4022 τήν
774 3938 912 4022 ἀδελφήν
936 3867 1043 4016 καλως
1065 3938 1230 4025 διῴκηκεν.

200 4169 218 4241 ¹)
239 4169 282 4222 De
301 4169 358 4223 hoc
376 4167 561 4239 interpuncto
580 4187 607 4225 v.
627 4168 713 4224 infra.
800 4169 823 4242 ²)
850 4172 884 4238 NJ
903 4173 947 4224 τὸν
967 4170 998 4224 δί’
1019 4169 1140 4224 ΥΩΙιε.

1111 4257 1140 4304 (λ.
