2850 4560
654 71 874 137 ...12-

291 270 343 351 23,
361 269 405 332 48
420 272 469 333 ἵνα
487 321 494 335 .
509 321 515 335 .
532 321 538 335 .
552 269 649 353 τούτῳ
662 273 701 333 τά
714 270 751 332 ἐκ
763 279 825 333 τῶν
839 270 941 355 νόμων
955 271 1078 353 ὑπῆρχε
1092 267 1204 351 δίκαια,
1218 269 1259 352 μί,
1280 271 1328 352 μά

362 375 418 439 Δί’
444 376 520 439 αὐτὸ
536 377 571 438 τδ
588 384 644 458 της
668 375 763 453 αἰτίας
780 378 878 461 ὄνομα
896 375 1019 440 εἰπάντα
1044 428 1050 442 .
1071 428 1077 441 .
1098 375 1324 459 ,προςγράψαιΙ

291 482 344 565 24,
370 484 413 546 28
437 484 529 559 αὐτὸς
552 483 686 567 ἔγραψεν
711 485 814 566 αὔριον
839 486 1029 569 νομοθετεῖν,
1053 483 1087 546 οὐ
1113 484 1163 566 μά
1186 480 1243 544 Δί’
1268 481 1328 564 οὐχ

361 591 396 654 ἵν’
423 591 464 667 ὡς
488 590 640 654 κάλλιστα
663 591 783 675 γένοιτό
806 613 833 655 τι
858 644 917 657 ...

291 697 343 780 24,
370 697 433 763 157
469 697 788 783 συναπολογήσονται,
823 700 858 761 οὐ
894 701 944 783 μοὶ
978 696 1036 762 Δί’
1072 699 1107 761 οὐ
1142 697 1327 782 Τιμοκράτει

361 805 554 889 χαρίσασθαι
579 857 637 872 ...
663 805 842 891 βουλόμενοι
866 858 899 872 ..
919 858 926 872 .

291 911 347 992 25,
380 909 420 974 41
462 912 647 996 εἰςπράττῳν
684 912 840 997 ἀργύριον,
876 914 947 997 οὐχὶ
983 915 1034 996 μά
1069 911 1140 976 Δία
1174 915 1245 988 τοὺς
1279 911 1328 975 λέ-

362 1025 508 1103 γονταςί)

292 1125 344 1206 22,
369 1125 412 1189 59
437 1125 514 1189 δέκα
538 1125 697 1190 ταλάντων
722 1124 878 1210 ἐτίμησαν,
903 1126 938 1187 οὐ
964 1128 1015 1208 μά
1038 1122 1088 1187 Δί’
1114 1126 1174 1208 οὐχ
1198 1126 1243 1187 δτι
1268 1176 1327 1190 ...

365 1231 432 1295 ἀλλ’
457 1234 503 1296 δτι

293 1337 344 1420 35,
368 1337 413 1402 40
437 1340 472 1402 οὐ
498 1339 602 1424 μέντοι
626 1342 676 1424 μά
700 1337 771 1402 Δία
795 1337 896 1422 οἴομαί
919 1359 956 1422 γε
979 1339 1040 1401 δεῖν

292 1444 344 1523 37,
370 1445 412 1507 53
441 1446 476 1508 οὐ
501 1445 603 1529 μέντοι
626 1445 654 1530 γ’
681 1446 842 1526 ἀποστερῶ
867 1446 918 1528 μά
941 1442 1012 1507 Δία
1035 1443 1107 1507 οὐδὲ
1131 1451 1327 1525 συκοφαντῶ.

292 1551 345 1633 41,
370 1552 414 1615 20
438 1604 444 1617 .
464 1604 470 1618 .
489 1603 496 1618 .
515 1551 656 1637 μέγιστος
672 1553 757 1615 ἔσται
774 1550 899 1635 μάρτυς,
922 1550 957 1612 οὐ
973 1548 1057 1634 λόγῳ
1079 1552 1127 1634 μά
1144 1548 1208 1613 Δία
1225 1551 1328 1632 ὥσπερ

363 1667 431 1741 νῦν,
450 1659 610 1722 ἀντιδικῶν
635 1709 667 1725 ..
687 1710 694 1724 .
720 1657 788 1720 ἀλλ’
812 1658 893 1740 ἔργῳ
918 1708 975 1723 ...

293 1761 346 1844 43,
372 1763 414 1825 52
531 1767 576 1841 οἷς
607 1766 651 1828 δεῖ
682 1761 892 1849 κληρονομίαν
924 1764 1012 1847 εἰναι,
1047 1763 1083 1826 οὐ
1120 1765 1171 1847 μὰ
1201 1762 1258 1826 Δί’
1293 1765 1328 1827 οὐ

365 1870 542 1957 Θεοπόμπῳ
568 1925 599 1939 ..
619 1926 625 1938 .

294 1978 346 2060 52,
373 1977 415 2041 14
445 1978 595 2063 λαγχάνει
619 1979 703 2062 αὐτῷ
726 1976 825 2061 δίκην,
853 1977 889 2039 οὐ
914 1979 965 2060 μά
988 1973 1045 2038 Δί’
1070 1976 1130 2061 οὐχ
1153 1977 1253 2059 ὥςπερ
1277 1986 1329 2039 νῦν

368 2085 523 2170 ἀργυρίου,
547 2085 630 2149 ἀλλὰ
653 2084 772 2171 βλάβης
796 2136 855 2150 ...

294 2193 346 2274 55,
371 2192 414 2256 26
445 2195 527 2276 ὕδωρ
555 2194 596 2269 εἰς
622 2193 680 2275 την
709 2192 781 2255 ὁδὸν
805 2191 924 2276 ἐξάγειν
947 2189 1093 2274 εἰώθατε,
1126 2191 1193 2255 ἀλλ’
1218 2192 1253 2255 οὐ
1278 2194 1329 2276 μδι

365 2299 422 2364 Δί’
447 2303 519 2364 εἴσω
542 2303 578 2364 τδ
602 2300 639 2364 ἐκ
663 2309 719 2383 της
742 2299 815 2363 ὁδοῦ
840 2298 990 2383 δέχεσθαι
1013 2350 1072 2365 ...

294 2408 346 2486 56,
373 2409 416 2471 38
446 2407 467 2490 ἡ
492 2409 526 2473 δὲ
549 2408 715 2493 σαγγραρὴ
740 2406 767 2472 τί
790 2406 887 2490 λέγεις
917 2406 952 2469 οὗ
982 2408 1033 2491 μά
1057 2404 1114 2469 Δί’
1144 2409 1215 2489 οδί)
1239 2407 1329 2471 ταῦθ’

366 2515 386 2577 ἃ
410 2518 446 2579 σδ
470 2515 577 2600 λέγεις,
601 2514 669 2578 ἀλλ’
693 2514 748 2578 ἐάν

295 2620 410 2687 exord.
435 2622 492 2705 35,
524 2621 567 2684 25
598 2622 695 2698 οὐδεὶς
813 2619 955 2704 ἐκφεύγει
985 2620 1181 2704 χρόνος
1211 2622 1246 2684 οὐ
1279 2623 1330 2705 μά

366 2727 423 2792 Δί’
448 2730 507 2813 οὐχ
531 2731 631 2811 ὥςπερ
654 2726 744 2812 ἡμεῖς
768 2779 826 2793 ...

410 2834 462 2917 24,
489 2835 553 2899 125
578 2888 636 2903 ...
663 2835 790 2918 αἰσχρὸν
813 2836 888 2911 ἴσως
912 2835 950 2896 οἰν
973 2835 1012 2918 ην
1036 2835 1168 2916 δεθῆναι
1192 2835 1212 2916 ᾖ
1232 2834 1330 2897 Γλαυ-

473 2941 569 3027 κέτην
593 2942 613 3025 ι’,
638 2941 846 3019 Mem-mntem
869 2940 905 3003 οὐ
930 2943 978 3024 μά
1001 2942 1063 3004 τὸν
1087 2938 1148 3023 Δί’,
1172 2941 1196 3003 ὡ
1223 2941 1330 3023 ἄνδρες

473 3051 692 3116 δικασταὶ...

295 3157 348 3238 40,
373 3157 416 3221 57
447 3159 516 3220 οὔτε
547 3159 606 3241 γάρ
640 3156 782 3240 ἁρμόττει
814 3177 864 3240 μοι
973 3155 1066 3218 οἰκεῖν
1180 3157 1249 3218 οὔτε
1281 3159 1331 3239 μά

367 3266 428 3327 τδν
457 3261 507 3326 Δί’
533 3263 670 3345 ἀσφαλὲς
693 3261 770 3326 εἰναί
794 3284 845 3347 μοι
868 3262 983 3346 νομίζω
1008 3263 1105 3346 σαζην
1129 3262 1246 3337 τούτοις
1272 3312 1329 3326 ...

297 3369 350 3451 57,
374 3368 440 3432 42*
464 3367 657 3453 ἠναγκάσθη
680 3421 686 3434 .
706 3422 737 3434 ..
763 3370 928 3450 τιτθεῦσαι,
951 3377 994 3452 τῷ
1015 3369 1071 3452 μὲν
1092 3368 1132 3443 εἰς
1152 3367 1207 3451 ἐμὲ
1222 3367 1331 3448 ἥκοντι

368 3476 496 3559 κινδύνῳ
531 3486 584 3540 νῦν
620 3479 671 3560 μά
706 3478 772 3539 τὸν
808 3475 879 3539 Δία
913 3476 984 3559 οὐχὶ
1014 3473 1171 3559 συμφέρον
1203 3484 1332 3558 πρᾶγμα

368 3582 527 3666 ποιήσασα
551 3636 558 3649 .
578 3637 610 3650 ..

297 3692 350 3773 58,
365 3690 430 3755 36*
450 3693 503 3754 καί
519 3689 656 3776 δείξομεν
672 3692 741 3775 ὑμῖν
757 3691 846 3754 οὐδὲν
862 3690 919 3772 τὴν
932 3688 1019 3752 πδλιν
1035 3687 1251 3773 βλαπτομένην
1264 3691 1332 3752 οὔτε

370 3801 418 3883 μά
434 3799 495 3860 τὸν
512 3796 578 3861 Δία
593 3797 647 3861 ἐάν
661 3798 766 3880 κύριον
778 3796 905 3881 γένηται
916 3797 952 3858 τδ
965 3792 1129 3879 ψήφισμα.
1146 3848 1152 3861 .
1168 3848 1174 3862 .
1193 3798 1262 3860 οὔτε
1280 3849 1286 3861 .
1302 3848 1308 3860 .
1325 3849 1331 3860 .

300 4048 321 4119 ¹)
348 4049 479 4115 λίγοντας
499 4050 529 4100 οὐ
548 4046 572 4101 F
585 4064 612 4103 v.

299 4137 323 4209 ’γ
351 4140 381 4184 α’·
401 4141 468 4184 nnat
485 4136 520 4189 ,δῖ’
541 4153 596 4190 οιιι.
617 4153 638 4189 r.
