2850 4560
601 109 820 172 ,57ψ

147 307 206 388 39,
237 300 282 368 '14
312 309 364 369 καὶ
392 307 428 389 νὴ
454 305 496 368 Δί’
520 307 593 381 ἴσως
623 304 713 370 ἐστίν.
772 304 854 368 Sine
889 303 1058 389 particula
1093 303 1146 366 καί
1181 301 1272 387 apud

147 412 269 478 Aesch.
297 414 325 495 1,
351 413 455 496 28111
482 412 546 496 Δία,
569 412 676 489 καλῶς
699 434 744 498 γε.

238 520 325 584 Cum
358 519 512 604 sequitur
544 520 627 583 haec
657 517 819 601 formula,
851 517 938 581 illud
961 517 1178 603 potissimum
1203 517 1273 581 effi-

148 628 251 709 citur,
283 633 323 691 ut
352 633 468 690 orator
497 626 534 689 in
561 649 598 689 re
621 625 768 690 notabili
791 625 969 710 paululum
993 624 1200 707 retardetur,
1234 633 1273 711 ut

149 734 241 821 apud
264 736 362 800 Dem.
387 735 445 816 21,
478 735 540 798 109
573 735 741 817 ἄνθρωπος
765 735 790 797 εἰ
812 732 946 816 ποιήσας
970 734 1054 797 δεινὰ
1077 735 1114 816 νὴ
1138 733 1195 796 Δία
1218 736 1273 801 καὶ

148 842 254 906 πολλὰ
282 842 405 917 ἀδίκως.
458 841 595 904 Pariter
619 842 653 923 6,
679 841 734 920 233
767 879 806 888 -
836 839 927 924 apud
950 839 1110 903 Aeschin.
1143 841 1177 921 3,
1212 840 1275 924 172

149 950 203 1011 καὶ
226 957 316 1033 γαμεῖ
338 957 475 1032 γυναῖκα
495 947 646 1010 πλουσίαν
671 949 725 1031 μὲν
749 948 787 1029 νὴ
812 945 868 1010 Δία

243 1053 344 1131 Quod
377 1075 444 1137 qua
478 1053 612 1118 ratione
647 1052 684 1117 in
719 1053 891 1138 responsis
923 1051 1169 1138 hypophorieis
1204 1051 1274 1135 fiat,

151 1160 219 1226 iam
244 1183 348 1247 supra
372 1161 643 1226 demonstratum
668 1168 728 1225 est.
784 1161 911 1224 Verum
940 1160 1044 1225 etiam
1074 1168 1171 1225 extra
1195 1161 1275 1225 sub-

151 1268 332 1332 iectionem
356 1269 574 1354 reperiuntur
598 1268 767 1332 eiusmodi
798 1269 967 1353 exempta,
999 1274 1038 1332 ut
1062 1268 1153 1354 apud
1177 1269 1275 1334 Dem.

151 1377 209 1458 25,
245 1377 290 1440 40
318 1377 346 1440 ti
377 1380 431 1439 οὖν
463 1376 551 1452 οὗτός
583 1378 660 1458 ἐστι,
696 1377 781 1440 κύων
813 1377 851 1458 νὴ
885 1376 953 1459 Δία,
989 1376 1064 1458 φασί
1098 1398 1187 1459 τινες,
1222 1387 1277 1461 τοῦ

152 1483 262 1569 δήμου.
308 1485 491 1548 Praeterea
516 1484 567 1567 25,
594 1485 635 1547 73
659 1523 700 1531 -
727 1483 778 1563 24,
804 1483 848 1547 94
871 1523 912 1530 -
939 1484 990 1564 39,
1017 1485 1046 1548 7.

242 1591 334 1655 Data
370 1591 545 1655 occasione
577 1590 644 1654 hoc
670 1613 806 1675 quoque
830 1612 986 1655 moneam
1010 1589 1185 1675 longiores
1209 1589 1278 1653 for-

152 1699 262 1761 mulas
286 1698 474 1782 particulae
499 1697 537 1780 νή
561 1719 738 1781 nunquam
763 1697 800 1760 in
823 1697 996 1782 responsis
1020 1697 1189 1782 usurpari.
1239 1731 1241 1736 v

243 1803 415 1868 Universa
446 1803 592 1887 denique
625 1810 658 1867 et
690 1803 879 1868 communis
913 1803 1082 1867 eiusmodi
1105 1804 1278 1867 iuramen-

152 1918 266 1974 torum
288 1910 438 1974 oratoria
454 1911 507 1973 vis
533 1931 571 1974 eo
595 1911 814 1995 potissimum
837 1917 977 1996 spectat,
1002 1918 1041 1975 ut
1066 1918 1181 2002 orator
1205 1933 1277 1974 ino-

154 2017 264 2081 destia
289 2017 437 2100 quadam
465 2025 499 2080 et
527 2018 698 2101 cautione,
724 2040 810 2102 quae
842 2018 915 2102 ipse
947 2025 1073 2100 censet,
1106 2017 1189 2081 haec
1223 2040 1278 2081 su-

155 2124 299 2210 perioris
321 2123 474 2188 numinis
496 2123 577 2188 fidei
599 2131 700 2208 atque
717 2118 918 2189 auctoritati
934 2124 1134 2189 submittere
1152 2125 1278 2210 cupiat,

155 2231 232 2307 Quo
255 2229 304 2313 fit,
329 2237 368 2294 ut
391 2230 455 2294 hae
479 2230 618 2320 iurandi
641 2230 807 2295 formulae
831 2252 992 2316 persaepe
1016 2232 1058 2296 ab
1084 2232 1277 2296 oratoribus

155 2337 390 2422 adiungantur
413 2338 457 2402 ad
479 2339 646 2404 vocabula
671 2341 782 2424 oiopar,
806 2339 928 2425 νομίζω,
952 2340 1037 2403 δοκεῖ
1057 2341 1189 2423 (δοκεῖτέ
1207 2347 1279 2432 por),

155 2444 300 2529 ἡγοῦμαι,
325 2445 403 2528 οῖδα,
428 2447 486 2508 οὐκ
506 2448 581 2530 ἔχω,
605 2445 741 2510 similia.

473 2644 532 2706 De
564 2641 754 2707 formula
783 2645 883 2726 πρός

246 2748 389 2813 timendi
408 2749 572 2815 formulas
593 2750 847 2837 praepositione
867 2752 945 2834 πρός
961 2750 1125 2840 formatas
1143 2753 1186 2822 ab
1203 2773 1278 2816 ora-

156 2855 289 2921 toribus
320 2877 390 2920 non
422 2857 581 2922 collocari
610 2857 679 2921 nisi
710 2856 748 2920 in
778 2857 957 2921 sententiis
981 2858 1196 2943 imperativis
1221 2865 1280 2921 aut

156 2962 418 3045 interrogativis
439 2970 528 3028 recte
549 2964 711 3049 opinatur
732 2963 960 3047 Frohberger.
972 2967 994 3046 ,1)
1037 2963 1280 3048 Antiquiorern

156 3092 238 3135 vero
260 3093 377 3134 earum
397 3093 496 3135 usum
517 3071 553 3134 in
574 3071 788 3157 imperativis
810 3070 847 3135 id
868 3077 918 3135 est
939 3071 976 3135 in
997 3072 1154 3158 precibus
1175 3071 1280 3135 fuisse

157 3184 259 3262 atque
289 3178 369 3242 inde
400 3178 576 3243 nonnullis
604 3179 719 3244 verbis
751 3178 886 3242 omissis
919 3179 962 3243 ad
990 3179 1281 3262 interrogationes

156 3285 321 3350 transisse
344 3285 491 3350 maxime
514 3285 692 3370 probabile
716 3293 767 3350 est
791 3285 843 3368 (cf.
868 3290 993 3371 supra).
1046 3284 1165 3369 Neque
1191 3285 1281 3348 enim

158 3392 310 3457 dubitari
334 3398 455 3477 potest,
485 3392 569 3476 quin
592 3391 851 3476 antiquissimae
875 3399 909 3456 et
932 3391 1098 3475 integrae.
1112 3390 1148 3453 id
1163 3413 1281 3475 ,genus

156 3499 324 3564 formulae
359 3520 506 3564 conexae
540 3498 669 3563 fuerint
704 3522 781 3563 cum
816 3499 932 3584 aliquo
967 3497 1130 3583 precandi
1165 3498 1281 3577 verb0,

158 3612 301 3694 εὔχομαι,
332 3608 453 3693 δέομαι,
485 3607 576 3691 111113,
609 3629 695 3692 quae
718 3608 886 3672 vocabula
916 3613 1034 3693 postea
1062 3605 1283 3691 pronuntiari

159 3716 269 3780 desita
293 3723 382 3780 sunt.
894 3711 898 3718 ’

248 3824 314 3888 His
342 3823 456 3888 verbis
486 3832 637 3888 oratores
669 3844 803 3909 quoque
834 3843 1082 3906 nonnunquam
1110 3821 1164 3885 usi
1192 3827 1282 3901 sunt,

160 3953 227 4018 quo
258 3931 335 4017 plus
367 3931 551 4016 gravitatis
575 3930 803 4017 ponderisque
834 3929 991 4016 precibus
1023 3929 1094 3992 suis
1123 3928 1284 3992 afferrent

159 4059 225 4065 -—
228 4057 320 4064 .—-—

235 4115 253 4183 ¹)
292 4108 479 4178 Frohberger
511 4108 738 4180 (Ausgewithltc
766 4105 871 4160 Reden
904 4105 955 4160 des
983 4104 1100 4190 Lysias,
1134 4104 1216 4176 1857)
1248 4101 1286 4158 ad

161 4220 201 4255 or.
220 4199 307 4272 mn,
333 4201 375 4253 os.

1133 4265 1168 4317 s<
