2850 4560
575 84 794 153 -23..

211 283 264 366 2ὃ,
290 283 332 348 72
368 283 444 367 φέρε
467 287 528 369 γὰρ
550 286 650 368 πρὸς
674 285 782 348 θεῶν
806 285 935 349 κάκεῖνο
959 283 1133 368 σκέψασθε.

211 388 262 472 39,
288 391 330 455 37
366 390 532 475 σκέψασθε
554 393 654 473 πρὸς
677 391 801 473 θεῶν,
824 389 851 453 τῖ
875 390 1020 475 ἐποίησεν

209 495 263 579 41,
287 496 331 559 22
365 506 456 561 τοῦτο
480 496 519 579 δη
622 497 742 580 μοὶθετε
764 498 867 579 πρὸς
891 497 1006 561 θεῶν.

209 601 263 684 45,
287 602 330 666 81
367 602 467 667 καίτοι
489 605 582 685 πρὸς
606 604 768 668 θεῶν...
785 604 826 679 εἰς
841 603 908 666 τίνα
926 604 963 667 ἂν
978 604 1058 667 αὐτὰ
1075 602 1249 689 ἀνήγαγες;

210 707 263 791 50,
288 707 309 771 2
341 711 395 772 καὶ
417 711 509 792 πρὸς
532 711 654 775 θεῶν.
671 760 701 775 ..
718 710 937 796 δὲομαιὺμῶν,
962 708 1005 796 μή
1023 732 1061 795 με
1078 709 1249 798 ἡγήσησθε

284 815 474 901 ἀδολεσχεῖν,
497 867 527 881 ..
545 867 552 882 .

211 922 332 1006 55,17
366 924 394 987 τί
416 924 524 989 λοιπὸν
626 926 725 1007 πρὸς
748 926 874 1009 θεῶν,

210 1031 262 1114 21,
290 1031 353 1095 166
388 1031 488 1108 καίτοι
511 1032 657 1118 τοιαύτην
681 1034 898 1118 τριηραρχίαν,
930 1034 954 1096 ὢ
982 1036 1074 1117 πρὸς
1101 1034 1209 1098 θεῶν
1225 1035 1248 1116 ¹)

281 1138 414 1221 πότερον
437 1140 584 1203 τελωνίαν
688 1139 832 1225 ἁρμόττει
856 1139 963 1203 καλεῖν
988 1163 1057 1224 ...;

211 1245 263 1329 21,
288 1245 332 1310 98
365 1246 443 1330 τίνα,
468 1247 493 1310 ὢ
516 1247 615 1330 πρὸς
638 1255 715 1310 τῶν
739 1247 850 1331 θεῶν,
878 1247 953 1326 ἕξετ’
977 1248 1070 1312 εἰπεῖν
1094 1246 1248 1329 πρόφασιν

283 1352 405 1417 δικαίαν
429 1353 450 1436 ἡ
475 1352 592 1438 καλήν,

211 1459 263 1542 21,
290 1460 353 1525 172
377 1462 444 1525 εἶτα
467 1463 559 1544 πρὸς
582 1470 652 1526 τῶν
676 1462 775 1525 θεῶν
792 1464 834 1532 ,τὸ
849 1462 905 1545 τὴν
921 1469 977 1545 της
993 1461 1115 1544 φύσεως
1131 1460 1247 1554 κακίαν

282 1618 336 1633 ...
357 1569 617 1652 ἐπανορθοῦσθαι
642 1573 754 1654 μικρὰν
775 1568 1008 1655 ὑπολαμβάνετε
1029 1570 1105 1634 εἶναι
1129 1570 1248 1652 δωρεὰν

282 1677 336 1738 καὶ
358 1675 464 1760 χάριν;

211 1782 263 1866 35,
287 1782 332 1846 44
365 1782 471 1866 Χωρὶς
495 1784 528 1847 δὲ
550 1783 680 1866 τούτων,
711 1784 785 1867 φέρε
808 1786 910 1867 πρὸς
940 1793 1016 1848 τῶν
1046 1785 1247 1867 θεῶν,

282 1891 329 1973 ἆρ’
355 1891 392 1952 ἂν
416 1890 522 1954 οἴεσθε
625 1890 741 1975 λέγειν;

231 2007 236 2017 ’
328 1996 383 2080 18,
415 1996 478 2060 199
600 1996 653 2059 καί
688 2019 748 2082 μου
782 2000 881 2081 πρὸς
915 1998 1008 2074 Διὸς
1042 2000 1111 2062 καὶ
1141 1998 1248 2063 θεῶν

391 2103 496 2187 μηδεὶς
520 2103 576 2186 την
600 2102 777 2189 ὑπερβολὴν
801 2104 953 2189 θαυμάση

211 2210 262 2294 18,
287 2211 352 2274 256
387 2209 441 2273 καί
465 2232 524 2295 μου
548 2212 647 2293 πρὸς
671 2209 763 2288 Διὸς
792 2210 880 2299 [καὶ
902 2210 1069 2299 θεῶνἮ
1095 2211 1247 2297 μηδεμίαν

280 2316 466 2402 ψυχρότητα
489 2327 639 2403 καταγνῷ
666 2317 772 2403 μηδείς

211 2422 262 2505 19,
290 2423 331 2487 19
435 2425 503 2504 (καὶ
533 2425 633 2506 πρὸς
657 2422 749 2500 Διὸς
780 2427 848 2488 καὶ
870 2425 978 2489 θεῶν
1002 2425 1154 2508 πειρᾶσθε
1178 2446 1247 2489 συν-

282 2531 534 2616 διαμνημονεύειν
559 2581 589 2597 ..
606 2536 626 2614 .)
1119 2577 1121 2581 -

211 2637 262 2721 19,
286 2638 330 2701 45
452 2641 518 2721 (καί
551 2641 650 2723 πρὸς
685 2638 777 2715 Διὸς
817 2644 885 2704 καὶ
926 2641 1034 2704 θεῶν
1075 2640 1246 2726 ἀναμιμνή-

217 2797 222 2806 .
280 2746 399 2809 σκεσθε
422 2750 489 2827 ...)

194 2848 262 2934 19,
288 2851 330 2916 78
358 2851 528 2918 Ἂντοὶνυν
630 2853 720 2939 λέγη,
742 2855 841 2936 πρὸς
865 2852 957 2930 Διὸς
980 2856 1048 2918 καὶ
1071 2856 1178 2919 θεῶν
1202 2856 1245 2941 μὴ

280 2960 480 3045 ἀποδέξησθε
503 3012 510 3026 .
527 3012 534 3027 .
551 3012 558 3027 .

208 3065 261 3149 20,
285 3065 329 3130 43
364 3067 531 3151 σκέψασθε
555 3069 593 3152 δη
617 3071 716 3152 πρὸς
740 3066 833 3145 Διὸς
856 3070 925 3133 καὶ
948 3069 1058 3135 θεῶν

208 3173 261 3256 21,
287 3174 329 3239 73
364 3175 531 3260 σκέψασθε
561 3177 600 3260 δη
631 3178 732 3259 πρὸς
761 3175 853 3253 Διὸς
884 3179 952 3241 καὶ
982 3177 1168 3242 θεῶν
1192 3181 1245 3242 καὶ

278 3280 451 3366 λογίσασθε
475 3282 546 3365 παρ’
571 3284 641 3368 ὑμῖν
665 3284 769 3360 αὐτοῖς

207 3388 260 3472 21,
288 3388 352 3453 108
469 3391 570 3472 πρὸς
594 3386 690 3468 Διὸς
717 3393 786 3455 καὶ
809 3391 955 3473 θεῶνθ)
1056 3390 1146 3454 τοῦθ’
1170 3392 1245 3456 ὑπο·

279 3495 388 3573 θέντες
412 3496 543 3560 ἀκούετε
566 3546 621 3561 ...
836 3499 838 3504 ’

206 3602 260 3688 40,
285 3603 328 3668 53
365 3603 433 3668 ἀλλ’
458 3606 541 3689 ὑμεῖς
642 3606 743 3688 πρὸς
766 3603 858 3681 Διὸς
881 3607 950 3668 καὶ
973 3606 1097 3688 θεῶν,
1121 3606 1164 3692 μη
1187 3629 1244 3670 κα-

277 3712 459 3798 ταπλαγῆτε
482 3714 542 3778 ὑπὸ
565 3722 621 3797 της
644 3721 789 3797 κραυγῆς
812 3713 928 3777 τούτου.

115 3873 278 3883 ......-..-

210 3979 325 4051 1),πρὸς
343 3982 394 4032 τῶν
414 3979 484 4031 θεῶν
504 3977 596 4033 Fkr.

207 4068 232 4140 ⁸)
260 4073 306 4121 καὶ
325 4070 396 4121 θεῶν
417 4071 519 4122 01112.

206 4157 229 4228 ⁸)
256 4161 304 4210 καῑ
322 4159 393 4210 θεῶν
413 4173 469 4212 om.
488 4173 511 4210 s.
