2850 4560
596 78 817 150 ηρ..

250 278 336 349 haec
365 280 441 369 ipsa
472 279 666 347 iuramenta
697 303 815 347 earum
845 303 963 348 rerum
993 303 1066 350 esse
1097 279 1271 370 videntur,

250 413 335 477 quas
359 391 643 454 Westermannus
668 410 687 453 a
711 389 953 456 Demosthenis
979 413 1104 476 genere
1127 390 1267 457 dicendi

251 498 381 563 alienas
398 518 470 561 esse
491 496 692 561 arbitratur.
740 496 808 561 Sed
833 497 969 562 etiamsi
992 506 1185 586 praetereas
1208 499 1271 565 has

250 603 430 687 formulas,
463 603 613 690 suspicio
644 627 684 668 ao
716 603 887 669 dubitatio
919 628 961 669 ex
989 628 1028 671 eo
1052 607 1272 694 potissimum

250 712 483 795 confirmatur,
501 711 593 797 quod
608 711 691 777 haec
708 712 819 776 oratio
836 713 1003 779 minorem
1020 717 1271 782 sententiarum

251 819 531 907 perspicuitatem
561 818 665 883 habet
698 841 801 903 quam
833 826 963 885 ceterae
995 821 1035 886 de
1063 821 1182 887 eadem
1206 823 1272 889 hac

251 952 287 994 re
319 926 541 1012 conscriptae.
598 925 731 1002 Quibus
764 926 805 990 de
836 927 948 992 causis
976 950 1042 1013 ego
1074 931 1272 996 aWester-

251 1054 378 1100 manno
402 1040 436 1098 et
458 1031 501 1099 A.
527 1030 709 1096 Schaefero
733 1032 801 1114 (ΙΙΙ
829 1055 862 1118 p.
886 1033 943 1116 84)
968 1040 1036 1118 sto,
1067 1035 1127 1120 qui
1150 1042 1272 1102 contra

250 1142 424 1209 Blassium
439 1139 528 1205 hanc
540 1139 678 1204 tertiam
691 1140 881 1205 orationem
894 1141 938 1206 ab
951 1141 1026 1228 ipso
1039 1143 1271 1208 Demosthene

251 1248 477 1337 compositam
500 1268 572 1311 esse
595 1254 736 1331 negant.

145 1360 203 1425 Or.
221 1359 264 1422 32
288 1362 329 1439 (c.
346 1352 653 1436 Zenothemidem):
687 1359 849 1436 quattuor
872 1354 939 1419 loci
962 1354 1023 1440 (νή,
1047 1358 1082 1441 ὡ,
1105 1359 1240 1443 ὄμνυμι).

252 1463 305 1528 bis
329 1461 379 1546 νήε
411 1462 449 1543 νὴ
473 1460 530 1523 Δία
553 1460 595 1522 29
619 1466 654 1522 et
679 1460 717 1542 νὴ
741 1463 794 1524 τὸν
817 1460 873 1524 Δία
896 1464 950 1525 καὶ
972 1463 1067 1540 θεοὺς
1093 1464 1145 1529 10.

252 1571 354 1636 semel
390 1571 415 1633 ὡ
447 1569 506 1632 Ζεῦ
537 1571 592 1631 καὶ
623 1567 691 1631 θεοί
727 1568 780 1634 23.
816 1606 858 1616 —
894 1570 1013 1646 πάντας
1051 1572 1122 1656 ὑμῖν
1159 1575 1272 1659 ὄμνυμι

306 1681 376 1753 τοὺς
399 1675 493 1752 θεοὺς
517 1675 570 1738 31.

341 1784 437 1848 Haec
468 1780 577 1845 oratio
609 1780 841 1866 compluribus
873 1780 1001 1846 criticis
1030 1792 1187 1871 suspecta
1219 1793 1273 1851 est

253 1892 364 1974 (Bless
388 1889 454 1970 ΙΙΙ,
489 1890 505 1951 1
538 1909 571 1972 p.
596 1888 662 1952 433
687 1892 785 1970 squ).

146 2002 204 2068 Or.
222 2001 265 2065 33
289 2004 329 2081 (c.
346 1995 582 2082 Apaturium):
615 1993 668 2058 bis
693 1995 730 2076 νὴ
757 1995 813 2058 Δία
837 1995 889 2077 25,
915 1996 967 2060 37.

341 2105 437 2168 Haec
449 2123 583 2187 quoque
597 2100 706 2168 oratio
723 2100 760 2165 in
773 2101 965 2187 suspicione
977 2112 1029 2168 est
1041 2106 1154 2188 (Blass
1166 2107 1232 2191 III,
1252 2110 1270 2173 1

254 2238 286 2302 p.
311 2215 399 2292 515).

145 2328 203 2394 or.
221 2325 265 2390 34
288 2330 328 2406 (c.
344 2318 617 2400 Phormionem:
643 2317 668 2380 ὡ
685 2325 726 2402 γῆ
743 2319 797 2381 καὶ
811 2317 882 2381 θεοί
898 2318 941 2382 29
961 2322 1007 2404 (p.
1022 2320 1065 2383 25
1082 2321 1271 2405 omissum).

342 2430 437 2494 Haeo
459 2424 606 2490 formula
623 2423 737 2489 miuus
761 2432 841 2510 apta
865 2447 937 2489 esse
954 2426 1091 2492 videtur
1112 2427 1156 2492 ad
1178 2428 1272 2496 hunc

252 2541 373 2605 locum.
428 2534 542 2618 Atque
573 2530 658 2595 illud
689 2531 827 2617 quidem
854 2541 1049 2621 suspectum
1077 2543 1143 2619 est,
1176 2537 1272 2622 quod

253 2670 295 2712 ex
326 2653 399 2710 toto
423 2642 695 2706 iuramentorum
724 2662 847 2724 genere
872 2641 909 2704 in
932 2642 1089 2728 longiore
1112 2644 1271 2710 oratione

253 2760 365 2820 exstet
388 2772 457 2816 una
481 2769 585 2832 eaque
609 2746 722 2811 minus
746 2747 875 2812 usitata
898 2747 1056 2816 formula.
1111 2749 1162 2815 Ac
1190 2773 1271 2838 pro·

252 2861 342 2926 fecto
366 2855 518 2944 spuriam
542 2874 613 2917 esse
641 2850 730 2916 hano
754 2853 943 2918 orationem
966 2875 1084 2920 omnes
1107 2854 1178 2921 fere
1203 2858 1270 2923 cri·

253 2967 313 3032 tici
338 2962 537 3029 existimant
561 2959 673 3041 (Blass
697 2958 763 3041 ΙΙΙ,
790 2960 806 3022 l
837 2981 869 3045 p.
894 2961 983 3044 519).

147 3077 266 3145 01235
291 3081 332 3157 (c.
349 3069 552 3151 Lecritum):
585 3072 748 3151 quattuor
772 3066 837 3132 loci
861 3069 932 3153 (μά,
955 3069 1008 3153 νή,
1030 3070 1130 3154 πρός).

254 3181 306 3247 bis
328 3179 383 3266 μάε
412 3180 456 3262 μὰ
479 3175 536 3239 Δία
558 3173 603 3238 40
626 3180 660 3237 et
683 3176 727 3258 μὰ
750 3176 802 3237 τὸν
823 3174 879 3238 Δία
902 3177 955 3239 τὸν
979 3178 1101 3240 ἄνακτα
1123 3179 1273 3258 καὶτοὺς

360 3287 455 3361 θεοὺς
486 3287 626 3358 ἅπαντας
657 3281 701 3346 40
731 3321 772 3329 -
805 3283 843 3366 νὴ
872 3283 928 3347 Δία
954 3284 1000 3348 48
1027 3323 1068 3332 -
1100 3288 1178 3370 πρὸς
1208 3298 1272 3353 τῶν

362 3396 448 3458 θεῶν
471 3392 525 3457 44.

343 3501 395 3566 De
427 3497 575 3563 secunda
605 3504 639 3562 et
662 3506 784 3583 quarta
814 3497 962 3564 formula
986 3520 1018 3565 v.
1043 3521 1147 3587 supra
1171 3500 1272 3566 etde

255 3610 328 3697 ipsa
352 3606 507 3673 oratioue
531 3603 648 3691 spuria
671 3603 713 3670 ef.
738 3604 837 3670 Blass
862 3604 926 3688 111,
953 3607 970 3669 1
1000 3628 1034 3693 p.
1059 3607 1135 3673 504.

148 3719 206 3786 Or.
225 3719 268 3781 36
292 3726 367 3802 (pro
390 3712 625 3796 Phormione):
656 3713 807 3798 quinque
831 3713 898 3778 loci
921 3715 989 3798 (μά,
1013 3714 1064 3799 νή,
1088 3717 1139 3798 ὡ).
1246 3726 1249 3734 “

255 3826 300 3909 μὰ
322 3823 376 3887 τὸν
400 3820 455 3885 Δία
478 3822 531 3884 καὶ
554 3819 649 3896 θεούς
672 3819 716 3883 ῦ3
740 3857 779 3866 -
806 3821 831 3882 ὠ
855 3818 915 3883 Ζεῦ
938 3823 993 3884 καὶ
1015 3822 1085 3885 θεοί
1108 3821 1162 3887 bl.

255 3940 309 3995 ter
333 3926 385 4012 νήι
416 3927 453 4010 νὴ
478 3925 534 3990 Δία
558 3928 609 4008 eti,
634 3926 677 3989 bi)
701 3933 735 3990 et
758 3926 795 4009 νὴ
820 3928 874 3989 τὸν
898 3925 954 3990 Δία
977 3929 1032 3991 καὶ
1054 3928 1150 4006 θεοὺς
1173 3930 1274 3997 ἅπαν-

362 4056 417 4110 τας
441 4035 494 4099 ol.

149 4147 207 4212 Or.
225 4142 267 4210 37
292 4146 333 4225 (c.
360 4140 636 4221 Pautaouetum):
672 4146 834 4224 quattuor
857 4138 923 4204 loci
947 4141 1013 4225 (μά,
1036 4139 1100 4224 νή).
