2850 4560
567 77 823 171 ³15-

414 281 500 354 τοὺς
535 277 741 360 Μαραθῶνι
784 274 1173 358 προκινδυνεύσαντας
1207 283 1277 339 τῶν

414 385 708 470 προγόνων

192 490 231 575 νὴ
256 491 426 577 reperitur
451 499 587 556 centum
612 490 742 574 viginti
765 510 834 555 uno
858 489 999 571 locis2‘1)

236 597 267 681 4,
295 598 336 662 10
365 598 441 661 πότε
465 599 485 660 ἀ
513 597 578 681 χρὴ
601 596 748 679 πράξετε,
854 596 977 660 ἐπειδάν
1000 595 1045 678 νὴ
1070 593 1127 658 Δί’
1152 593 1277 680 ἀνάγκη

307 727 351 780 τις
374 725 404 788 η.

237 809 267 891 6,
293 809 335 872 13
359 809 442 872 ἀλλά
465 809 506 891 νὴ
530 807 582 872 Δί’
606 810 684 872 εἴποι
708 830 751 883 τις
776 809 813 871 ἀν
916 809 952 870 ού
975 806 1151 886 πλεονεξίας
1174 808 1278 871 ἕνεκεν

387 915 518 998 ἔπραξεν

237 1024 266 1104 6,
294 1023 336 1086 14
361 1024 442 1088 ’.αλλ’
468 1024 602 1109 ἐβιάσθη
627 1024 672 1106 νὴ
698 1023 769 1086 Δία
793 1025 896 1103 (τούτο
920 1023 982 1107 γάρ
1011 1023 1079 1086 ἐσθ’
1097 1023 1277 1105 ὑπόλοιπον)

205 1115 210 1124 ’
237 1129 267 1211 6,
293 1129 336 1192 23
359 1132 422 1194 ἔστι
446 1129 544 1194 τοίνυν
567 1129 608 1212 νὴ
633 1128 693 1210 Δί’,
716 1131 795 1213 ἔφην
819 1127 891 1212 ἐγώ,
914 1130 1097 1194 παντοδαπὰ
1123 1128 1278 1214 εὑρημένα

309 1287 364 1302 ...
388 1240 466 1320 πρὸς
489 1235 643 1320 ιρυλακην.

237 1345 268 1424 8,
295 1344 315 1409 7
338 1345 421 1427 πλὴν
445 1345 470 1408 εί
494 1344 535 1428 μὴ
561 1353 652 1407 τοῦτο
675 1343 799 1428 λέγουσι
823 1344 867 1426 νὴ
892 1343 979 1426 Δία,
1003 1343 1046 1421 ὡς

216 1451 268 1535 ,8,
293 1450 314 1514 9
339 1450 421 1514 ἀλλά
456 1450 501 1533 νὴ
537 1448 608 1513 Δία
641 1459 739 1514 ταῦτα
773 1452 827 1534 μὲν
862 1449 1090 1535 ἐξελέγχονται,
1124 1452 1208 1514 δεινά
1243 1453 1277 1516 δὲ

308 1549 445 1604 ποιοῦσιν
468 1541 496 1603 οί
520 1538 597 1617 ξένοι
933 1618 936 1622 ⁴

235 1647 266 1730 8,
294 1647 334 1710 16
366 1647 454 1710 οὐδὲν
478 1648 589 1722 αὐτούς
614 1645 808 1710 ἀπολωλέναι
831 1646 973 1710 κωλύσει.
998 1646 1042 1729 νὴ
1069 1644 1155 1728 Δία,
1179 1669 1276 1710 κακο-

308 1756 485 1839 δαιμονοῦσι
508 1756 569 1838 γάρ
595 1754 758 1835 ἄνθρωποι

235 1861 267 1944 8,
294 1862 334 1926 17
370 1860 397 1925 τί
427 1858 609 1944 ποιήσομεν,
646 1861 682 1922 ἀν
717 1860 766 1922 ἐπὶ
797 1858 1001 1943 Χερρόνησον
1030 1862 1078 1945 ίη,
1113 1870 1276 1945 κρινοῦμεν

308 1967 458 2052 Διοπείθη
483 1967 529 2050 νὴ
554 1967 633 2030 Δία.

235 2073 266 2158 8,
292 2073 333 2137 51
359 2074 379 2158 ἢ
404 2074 479 2138 πύτε
580 2077 619 2138 τά
643 2073 753 2138 δέοντα
775 2082 870 2137 ποιεῖν
894 2071 1101 2158 ἐθελήσομεν,
1130 2077 1204 2139 ύταν
1228 2075 1273 2159 νὴ

306 2180 363 2244 Δί’
389 2181 513 2265 ἀνάγκη
537 2202 581 2256 τις
604 2201 634 2266 η.

235 2287 265 2368 9,
292 2287 334 2350 70
357 2287 547 2371 τίποιῶμεν;
649 2287 713 2372 ἐγὼ
737 2287 781 2370 νὴ
807 2285 858 2350 Δί’
883 2287 1275 2371 ἐρῶκαῖγράψιυδὲ,...

237 2397 288 2478 10,
313 2395 356 2460 27
391 2396 412 2480 ἢ
440 2396 516 2460 πότε
632 2399 671 2460 τά
702 2396 810 2460 δέοντα
837 2405 932 2465 ποιεῖν
961 2394 1166 2481 ἐθελήσομεν,
1201 2398 1276 2461 ὅταν

306 2504 350 2587 νὴ
377 2502 433 2567 Δί’
459 2505 584 2589 ἀνάγκη
609 2526 652 2580 τις
676 2504 706 2588 ᾖ.

237 2607 1333 2700 Qffifflfflfflmwmffiwmfflu,

237 2718 287 2800 11,
315 2719 356 2781 18
380 2720 432 2781 καὶ
451 2727 495 2802 τῷ
512 2720 566 2803 μὲν
582 2717 756 2800 ὑπάρχουσι
859 2725 1042 2799 στρατιῶται
1066 2719 1120 2780 καὶ
1143 2717 1184 2800 νὴ
1210 2717 1276 2781 Δία

304 2826 382 2907 πρὸς
405 2825 521 2901 τούτοις
545 2834 606 2888 τῶν
628 2824 701 2908 παρ’
725 2822 798 2910 ἡμῖν
822 2824 964 2909 ῥητόρων
987 2823 1073 2908 τινές,

237 2931 286 3014 13,
314 2932 354 2994 16
389 2934 442 2995 καί
472 2930 516 3013 νὴ
548 2930 673 3014 Δία’),
709 2931 734 2994 ὡ
767 2931 876 3013 ἄνδρες
906 2929 1081 3016 Ἀθηναῖοι,
1112 2916 1211 3014 ἕτεροί
1238 2953 1274 3016 γε

277 3062 280 3068 ·
304 3039 391 3124 λύγοι
414 3037 652 3123 παρερρυήκασι
674 3040 753 3121 πρὸς
776 3039 855 3123 ύμάς
878 3038 998 3122 ψευδεῖς

237 3146 287 3229 13,
313 3147 357 3210 28
396 3147 478 3211 ἀλλά
513 3147 558 3231 νη
594 3145 664 3211 Δία
697 3155 795 3210 ταῦτα
831 3146 922 3230 μόνον
957 3145 1018 3212 τότ’
1054 3147 1121 3231 εἶχε
1156 3145 1274 3232 βέλτιον

306 3252 403 3336 ἢνῠν

236 3360 286 3444 14,
313 3360 354 3424 12
385 3369 452 3436 πῶς
482 3360 545 3445 χρὴ
577 3361 755 3444 προςδοκᾷν
778 3382 844 3424 τινα
871 3359 1120 3443 ὑπακούσεσθαι,
1151 3362 1197 3424 ὅτι
1228 3361 1272 3445 νὴ

305 3464 361 3530 Δί’
394 3465 577 3531 ἀκούσονται
607 3467 680 3550 παρ’
712 3469 811 3551 ὑμῶν,
843 3466 885 3542 ὡς
917 3467 1104 3552 ἐπιβουλεύει
1132 3467 1275 3553 βασιλεὺς

305 3575 416 3652 αὐτοῖς.

236 3679 287 3764 16,
311 3679 332 3743 6
355 3680 451 3744 Ἀλλά
474 3681 518 3765 νὴ
543 3680 608 3745 Δία
631 3691 728 3746 ταῦτα
752 3684 807 3767 μὲν
829 3685 911 3747 ούτιυ
935 3683 996 3746 δεῖν
1020 3684 1102 3767 ἔχειν
1126 3681 1273 3768 φήσομεν,

305 3787 403 3851 δεινὸν
427 3787 452 3850 δ’
476 3787 501 3852 εί

239 3946 260 4018 ⁸)
287 3945 323 3998 ln
347 3944 394 3998 his
416 3944 588 4000 iuramentis
607 3945 763 4002 Rehdantz
781 3952 812 4002 et
831 3946 1019 4016 Frohberger
1041 3947 1167 4018 plurima
1187 3965 1271 4020 prae·

144 4034 297 4089 toriorunt.

234 4125 257 4196 ί)
284 4127 317 4192 νὴ
337 4127 385 4176 Δία
403 4126 597 4192 γε,ῶ...Σ.
