2850 4560
673 85 893 150 ..16-

314 284 365 366 18,
392 283 453 348 101
479 282 507 347 τί
527 283 655 366 ἔμελλον
758 282 992 368 συμβουλεύσειν
1009 283 1087 368 αὐτῇ
1108 293 1217 367 ποιεῖν,
1242 306 1348 369 μνησι-

383 399 492 453 κακεῖν
516 390 558 474 νὴ
583 391 648 456 Δία
671 395 750 476 πρὸς
772 396 843 469 τοὺς
867 391 1069 478 βουλομένους
1093 394 1253 472 σώζεσθαι

315 497 365 580 18,
393 497 455 562 117
491 499 529 581 νὴ
553 497 605 583 11⁷,
637 499 704 563 ἀλλ’
736 500 850 576 ἀδίκως
881 500 973 584 ἠρξα;
1004 502 1071 563 εἶτα
1101 503 1208 584 παρὼν
1311 502 1346 563 οὐ

383 614 586 689 κατηγορεῖςς

314 712 364 794 18,
389 712 464 795 251,
489 715 542 775 καὶ
564 715 609 797 νὴ
635 713 692 778 Δί’
716 715 859 800 εὔδαιμόν
882 737 926 800 γε.

314 820 364 902 19,
389 819 432 883 46
456 820 500 903 νὴ
526 820 611 905 Δία,
634 821 655 904 ἢ
681 821 821 906 ἀδικήσω
846 823 873 907 γ’
893 824 981 907 ἐρην.
1067 855 1071 862 -

314 926 364 1008 19,
389 926 431 989 52
456 927 497 992 Αἱ
518 930 571 1012 μέν
673 929 831 994 ἐπιστολαὶ
853 930 1000 994 καλοῦσιν
1024 933 1113 994 αὗται
1137 933 1191 994 καὶ
1214 931 1255 1013 νὴ
1281 929 1346 993 Δία

383 1033 446 1119 οη
469 1057 506 1120 γε

314 1141 365 1222 19,
393 1140 457 1204 158
487 1141 583 1206 Ἀλλὰ
613 1143 657 1225 νὴ
681 1142 738 1206 Δί’
767 1144 799 1206 ἐν
823 1143 920 1227 τούτῳ
943 1153 987 1228 τῷ
1010 1143 1114 1227 χρόνῳ
1138 1145 1209 1218 τοὺς
1233 1144 1346 1225 ὅρκους

384 1248 574 1335 ἔλαβον

314 1355 364 1435 19,
392 1355 522 1439 188νὴ
548 1355 604 1420 Δί’
628 1358 688 1421 εἴτε
712 1356 859 1442 βούλομαί
881 1357 909 1441 γ’
933 1359 992 1421 εἴτε
1016 1357 1058 1441 μὴ

314 1461 365 1543 19,
390 1461 455 1524 215
558 1463 626 1527 ἀλλ’
652 1465 736 1548 ὅμως
760 1463 822 1546 ἐρεῖ
845 1466 897 1526 καὶ
920 1464 965 1546 νὴ
991 1462 1048 1527 Δί’
1072 1463 1199 1539 εἰκότως
1222 1485 1266 1548 γε.

314 1568 364 1650 19,
389 1567 454 1632 222
479 1569 561 1632 ἀλλὰ
584 1570 634 1633 διὰ
657 1569 684 1634 τί
707 1591 763 1633 σου
786 1579 971 1654 κατηγορῶ;
1002 1579 1186 1652 συκοφαντῶ
1210 1570 1254 1651 νὴ
1280 1570 1345 1652 Δί’,

383 1675 416 1739 ἵν’
442 1676 588 1761 ἀργύριον
611 1676 699 1762 λάβω
722 1680 809 1760 παρὰ
832 1687 897 1741 σοῦ.

314 1779 365 1865 19,
390 1782 455 1846 231)
479 1785 531 1846 καὶ
555 1783 600 1866 νὴ
624 1782 681 1847 Δί’
706 1785 806 1869 ἐγωγε
830 1787 883 1847 καὶ
906 1786 976 1860 τοὺς
999 1786 1087 1867 παρὰ
1110 1794 1164 1849 τοῦ
1189 1784 1345 1848 Φιλίππου

382 1890 523 1976 πρέσβεις
546 1890 672 1969 ἐξένισα.

315 1997 366 2080 19,
390 1996 456 2061 272
490 1997 534 2080 νὴ
567 1996 626 2061 Δί’
658 1997 725 2060 ἀλλ’
758 1998 843 2074 ὅπως
870 1999 962 2082 ἔτυχε
992 2007 1090 2063 ταῦτα
1120 2000 1159 2062 τὰ
1181 1997 1345 2083 γράμμαθ’

383 2106 514 2190 ἕστηκεν

314 2210 364 2292 19,
388 2211 454 2275 285
477 2212 522 2295 νὴ
548 2211 605 2276 Δί’
630 2212 659 2275 οἱ
681 2211 743 2276 νέοι
765 2214 826 2296 γὰρ
849 2210 923 2296 ἡμῖν
947 2214 1068 2277 ἔσονται
1092 2211 1237 2298 βελτίους.

312 2319 366 2403 20,
392 2321 412 2382 3
437 2319 518 2383 ἀλλὰ
538 2319 579 2400 νὴ
598 2317 649 2382 Δί’
665 2318 763 2381 ἐκεῖνο
781 2319 818 2380 ἂν
833 2320 908 2395 ἴσως
924 2321 1002 2382 εἴποι
1017 2321 1095 2402 πρὸς
1110 2329 1215 2401 ταῦτα,
1236 2320 1281 2382 ὅτι
1298 2367 1344 2382 ...

312 2426 364 2509 20,
389 2425 434 2489 20
468 2424 550 2488 ἀλλὰ
580 2423 626 2506 νὴ
656 2422 727 2487 Δία
755 2424 796 2501 εἰς
819 2426 874 2501 τὰς
897 2433 958 2488 τῶν
984 2424 1135 2509 μετοίκων
1157 2424 1345 2508 λειτουργίας

384 2533 504 2610 εἰςποιεῖ
525 2532 660 2608 πολλοὺς
683 2581 737 2596 ...

311 2640 365 2724 20,
390 2640 433 2704 38
467 2640 521 2704 ἐὰν
624 2638 641 2701 ὁ
664 2639 701 2703 Λ.
729 2639 846 2723 ἐρωτᾷ,
876 2639 903 2703 τί
933 2641 1058 2724 ἔχοντες
1089 2639 1257 2725 ἐγκαλέσαι

385 2746 568 2833 ἀφῄρησθε,
602 2747 629 2812 τί
746 2747 887 2832 ἐροῦμεν;
923 2748 969 2810 ὅτι
1002 2747 1047 2830 νὴ
1081 2747 1138 2811 11*
1173 2749 1252 2832 ἦσαν
1283 2758 1345 2812 τῶν

383 2854 565 2939 εὑρημένων
588 2856 665 2931 τινὲς
690 2854 814 2933 ἀνάξιοι.

314 2961 367 3046 20,
392 2962 435 3026 56
465 2961 511 3045 νὴ
535 2960 592 3026 Δί’
619 2961 734 3040 ἀνάξιοι
757 2963 818 3047 γάρ
842 2983 920 3039 τινες
1021 2963 1112 3046 ἦσαν.

312 3069 365 3152 20,
391 3068 435 3132 58
466 3067 564 3132 Ἀλλὰ
585 3069 630 3152 νὴ
654 3067 711 3132 Δί’
736 3071 819 3134 οὗτοι
843 3068 930 3154 μένοι
1032 3070 1187 3133 πείσονται

314 3175 367 3258 20,
393 3174 435 3240 75
459 3172 544 3238 Εἶεν·
570 3175 652 3239 ἀλλὰ
674 3175 719 3258 νὴ
743 3174 814 3239 Δία
838 3177 892 3240 τὸν
915 3176 1011 3240 παῖδα
1034 3179 1088 3241 τὸν
1111 3186 1165 3240 τοῦ
1190 3175 1229 3240 X.
1253 3177 1345 3259 περιί-

383 3282 483 3366 δωμεν
508 3281 717 3364 ἀφαιρεθέντα
741 3331 795 3347 ...

312 3388 365 3471 20,
393 3387 454 3452 161
567 3389 612 3452 ὅτι
643 3388 689 3472 νὴ
717 3387 760 3452 Δί
769 3410 789 3451 α
819 3388 924 3472 πόρρω
948 3398 1002 3453 τοῦ
1025 3409 1053 3452 τι
1080 3387 1189 3452 τοιοῦτ’
1214 3387 1346 3467 ἐλπίζειν

384 3504 438 3559 νῦν
461 3495 562 3580 ἐσμεν.

1320 3600 1345 3645 Ἠ

1321 3650 1329 3663 υ

312 3603 365 3687 21,
390 3603 411 3667 3
523 3601 643 3680 πολλαὶς
675 3603 708 3666 δὲ
739 3600 859 3687 δεήσεις
889 3605 943 3666 καὶ
973 3601 1102 3686 χάριτας
1133 3601 1188 3664 καὶ
1217 3622 1233 3664 ν
1242 3600 1261 3684 1,
1288 3600 1311 3665 1

385 3710 512 3788 ἀπειλὰς
535 3710 708 3795 ὑπομείνας.

312 3815 365 3900 21,
389 3816 430 3879 41
467 3817 510 3895 τίς
613 3819 728 3902 σκῆψις
751 3825 888 3901 φανεῖται
915 3825 977 3880 τῶν
999 3815 1224 3901 πεπραγμένων
1248 3819 1346 3903 αὗτιξνι

384 3924 465 4010 ὀργὴ
488 3925 534 4008 νὴ
559 3923 645 3988 Δία·
669 3927 808 4010 καὶγὰρ
831 3933 922 3989 τοῦτο
944 3925 1040 4008 τυχὸν
1063 3923 1151 4002 λέξει.
