2850 4560
640 658 692 702 ..ομ1

239 831 438 949 Scriptores
474 859 598 926 Graeci
633 861 804 927 ornabant
838 860 919 926 inde
954 861 997 927 ab
1033 863 1277 949 antiquissimo

147 977 303 1056 tempore
319 972 342 1052 ¹)
378 968 569 1033 orationem
601 984 712 1036 suam'
730 968 887 1053 precibus
920 976 954 1033 et
985 969 1155 1053 iurandis
1192 995 1278 1056 quae

148 1076 341 1164 composita
356 1083 455 1141 erant
471 1076 572 1140 certis
589 1074 766 1140 vocabulis
791 1083 825 1140 et
840 1067 1008 1142 formulis,
1057 1077 1125 1143 Sed
1141 1086 1277 1143 tanturn

149 1185 253 1269 escrit,
291 1192 331 1250 ut
361 1184 484 1248 iisdem
516 1205 632 1249 omnes
666 1184 789 1250 Graeci
821 1183 979 1277 formulis
1010 1191 1202 1269 uterentur,
1239 1194 1279 1251 ut

151 1300 272 1358 contra
305 1292 435 1376 singuli
470 1313 532 1378 pro
565 1313 626 1355 suo
659 1292 802 1376 quisque
834 1292 964 1375 anime,
1000 1292 1129 1378 patria,
1166 1300 1278 1358 aetate

149 1399 340 1486 plurimum
355 1396 421 1463 hac
441 1421 478 1462 re
499 1397 589 1462 inter
612 1421 646 1461 se
663 1397 824 1464 different
839 1421 878 1463 ec
895 1397 1137 1484 discreparent.
1182 1400 1279 1465 Iura-

148 1508 235 1572 bant
266 1506 372 1589 enim,
408 1512 447 1569 ut
478 1505 618 1570 afferam
654 1528 763 1592 pauca
795 1507 964 1591 exempla,
1001 1494 1185 1572 Dorienses
1218 1531 1279 1596 per

149 1615 374 1696 Dioscuros2)
405 1612 582 1698 eidemque
611 1613 780 1698 particula
809 1615 855 1698 poi
878 1606 1019 1678 omnino
1048 1637 1083 1678 se
1107 1615 1279 1697 abstinere

150 1722 307 1787 solebant
319 1724 355 1803 3).
414 1720 489 1784 Iam
513 1740 595 1783 vero
619 1723 667 1784 rut
690 1723 733 1804 μὰ
757 1721 821 1803 (νὴ)
845 1722 889 1784 τὼ
913 1721 980 1784 θεώ
1005 1721 1120 1802 (Ceres
1141 1728 1175 1786 et
1194 1723 1280 1787 Pro-

150 1827 289 1913 serpina
320 1826 585 1910 intelleguntur)
615 1824 798 1889 mulierum
826 1824 933 1890 fuisse
963 1826 1195 1890 iuramentum
1224 1851 1279 1893 ao·

150 1933 302 2019 cepimus
315 1936 349 2016 ⁸).
408 1933 565 1997 Socrates
600 1939 714 1997 autem
749 1933 877 2018 aliique
913 1954 995 1997 vera
1030 1933 1159 2019 pietate
1195 1959 1279 2020 erga

151 2040 232 2106 deos
256 2040 381 2106 imbuti
404 2062 497 2104 more
521 2038 781 2105 Rhadamanthi
804 2062 932 2122 canem,
957 2040 1098 2125 gallum,
1123 2064 1279 2107 anserem

151 2147 316 2211 obtestari
347 2154 597 2212 consueveram
629 2145 683 2229 (cf.
709 2145 881 2212 scholiast.
907 2145 951 2210 ad
974 2147 1064 2212 Plat.
1091 2149 1179 2234 apol.
1205 2173 1232 2214 c.
1259 2151 1279 2216 7

152 2254 196 2319 ad
219 2276 252 2319 v.
276 2256 314 2338 νὴ
340 2257 392 2319 τὸν
416 2255 516 2336 κύνα).
564 2255 610 2318 Et
625 2252 775 2337 fuerunt,
800 2254 859 2338 qui
881 2254 999 2318 eadem
1019 2252 1146 2340 pietate
1169 2262 1203 2319 et
1226 2279 1279 2321 re·

152 2361 283 2445 ligione
315 2362 463 2447 permoti
487 2361 629 2426 deorum
660 2362 799 2425 nomine
824 2361 950 2425 omisso
979 2361 1068 2427 nihil
1092 2361 1279 2445 aliud'nisi

151 2467 227 2553 ipsa
248 2468 415 2533 vocabula
435 2470 472 2551 νὴ
498 2469 558 2552 τόν,
582 2470 619 2551 νὴ
645 2468 701 2552 τήν
724 2468 990 2554 pronuntiarent
1001 2471 1036 2551 5).
1081 2469 1190 2534 Aeno
1207 2471 1279 2536 vim

152 2653 231 2660 ἣν
234 2655 311 2659 ...η-

246 2761 267 2831 ‘)
289 2760 493 2830 Hermogenes
507 2759 611 2831 (Walz,
630 2759 764 2835 rhetores
778 2759 882 2813 Graeci
896 2778 922 2830 p.
935 2759 996 2828 424,
1015 2777 1038 2812 c.
1051 2758 1134 2832 XX);
1158 2767 1280 2827 ,μιμῶτος

151 2855 180 2904 δὲ
200 2855 281 2916 ὅρκον
295 2853 391 2918 ἠθικὸν
405 2853 525 2916 Ὅμηρος
540 2852 650 2914 ὤμοσεν,
666 2855 723 2902 εῖτοι
735 2852 847 2902 Πλάτων
862 2851 1020 2916 ἐμιμήσατο·
1035 2855 1093 2901 εἶτα
1107 2853 1280 2918 Δημοσθένης

152 2942 357 3006 ἐκληρονόμησε
374 2942 505 2991 celsusfl

242 3027 265 3098 ²)
274 3026 344 3080 Eius
354 3025 472 3098 generis
482 3025 637 3079 iurandum
648 3024 761 3096 profert
769 3024 937 3095 Xenophon
948 3024 1114 3083 (Helleniea
1125 3025 1174 3095 IV,
1184 3027 1210 3095 4,
1222 3027 1279 3098 1o):

152 3119 220 3168 ἔνθα
240 3119 272 3183 δὴ
291 3119 399 3183 λέγεται
419 3119 497 3167 εἰπὼν
517 3119 531 3167 ὁ
551 3119 709 3181 Πασίμαχος
727 3117 778 3167 Ναὶ
797 3118 833 3166 τὼ
853 3117 907 3177 σιώ,
927 3117 1047 3181 Ἀργεῖοι,
1067 3119 1161 3181 persei
1177 3119 1224 3181 ὑμὲ
1243 3121 1276 3169 τὰ

153 3192 234 3274 σίγμα
252 3212 335 3259 ταῦτα
353 3245 360 3258 .
380 3245 386 3257 .
406 3245 412 3258 .

242 3293 264 3364 ³)
283 3292 442 3346 Dorienses
456 3290 545 3346 etiarn
559 3291 589 3345 in
602 3291 750 3361 negativis
764 3288 894 3345 iurandis
907 3290 1082 3345 vocabulum
1097 3296 1134 3358 μά
1148 3291 1280 3347 omisisse

154 3381 317 3436 Schroeder
341 3381 457 3452 (Progr.
477 3379 708 3435 Morienwerder
729 3381 798 3434 1859
817 3399 843 3451 p.
865 3380 910 3452 12)
932 3379 1065 3434 declarat
1084 3380 1281 3452 compluribus

156 3471 298 3543 exemplis
318 3489 354 3526 ex
373 3470 495 3541 tragicis
516 3469 657 3524 collectis:
678 3469 821 3541 Sophool.‚
835 3469 905 3525 Oed.
918 3487 971 3524 rex
984 3471 1047 3523 660:
1068 3473 1103 3522 Οὐ
1118 3475 1162 3524 τὸν
1176 3476 1281 3525 πάντων

153 3565 224 3614 θεῶν
243 3566 345 3627 πρόμον
365 3564 460 3612 Ἅλιον.
482 3591 514 3598 -
534 3558 608 3612 Ibid.
630 3560 709 3612 1088:
730 3564 765 3611 (li
785 3564 830 3612 τὸν
850 3563 999 3626 Ὀλύμπιον.
1037 3558 1205 3629 Sequuntur
1224 3561 1281 3614 alia

153 3649 296 3720 exempla.

243 3738 266 3809 ⁴)
291 3736 429 3805 Plotius,
453 3756 479 3808 p.
500 3737 565 3806 250,
592 3738 635 3790 1³2:
667 3742 721 3804 „hir
741 3742 777 3791 τὼ
796 3741 865 3790 esre·
891 3746 1042 3804 γυναικεῖος
1066 3742 1160 3803 ὅρκος·
1186 3744 1281 3804 δυῖκῶς

154 3832 183 3882 δὲ
202 3833 325 3894 ὀμνύουσι
343 3831 391 3894 τὴν
411 3831 501 3894 Κόρην
521 3835 568 3880 καὶ
587 3831 634 3894 τὴν
655 3831 806 3894 Δήμητρα.“

244 3919 266 3988 ⁶)
286 3915 399 3985 Suidas,
419 3934 445 3986 p.
461 3917 519 3984 150,
539 3915 568 3969 5:
593 3921 629 3982 μὰ
648 3921 707 3968 τὸν·
727 3918 899 3980 ἐλλειπτικῶς
919 3921 1019 3983 ὀμνύει·
1041 3920 1124 3981 οὕτως
1143 3921 1196 3984 γὰρ
1216 3920 1281 3981 ἔθος

155 4012 209 4062 ἐστὶ
228 4015 284 4069 τοῖς
309 4009 431 4072 ἀρχαίοις
455 4009 540 4057 ἐνίοτε
564 4007 600 4071 μὴ
625 4007 794 4070 recrederet
817 4009 862 4057 τὸν
886 4007 965 4058 θεὸν·
992 4008 1122 4058 εἰώθεσαν
1147 4010 1199 4073 γὰρ
1225 4015 1281 4070 τοῖς

155 4101 283 4161 τοιούτοις
303 4101 393 4163 ὅρκοις
413 4098 530 4164 χρῆσθαι
550 4098 798 4163 ἐπενψηφιζὸμενοι.

1128 4186 1157 4242 Χ
