2850 4560
615 103 834 169 „mm

163 301 247 365 Isae.
274 303 308 384 2,
337 302 381 366 47
413 302 598 388 βοηθήσατε
630 304 683 364 καὶ
714 300 787 386 ἡμῖν
819 304 872 364 καὶ
903 300 1011 384 ἐκτίνῳ
1043 309 1086 384 τῷ
1118 300 1150 363 ἐν
1181 297 1288 362 Ἅιδου
1362 312 1368 318 ’

163 411 225 473 ὄντι
249 412 301 472 καὶ
330 410 373 494 μὴ
402 409 560 493 περιίδητε
588 410 667 491 πρὸς
695 409 780 471 θεῶν
805 410 858 470 καὶ
881 407 1035 491 ὃκτμὸνων
1061 406 1170 491 δέομαι
1194 407 1290 490 ὑμῶν,

161 517 466 603 apenninicolam
494 519 597 579 αὐτὸν,
616 518 676 580 ὑπὸ
703 517 830 581 τούτων.
886 516 963 578 Ηοο
991 514 1082 578 onim
1109 514 1183 578 loco
1208 513 1289 597 quia

161 647 224 711 pro
248 632 346 712 patre
369 631 505 689 mortuo
529 647 646 710 preces
671 624 846 701 dicuntur,
879 623 955 687 fieri
987 629 1114 709 potest,
1146 629 1186 686 ut
1210 621 1288 686 dae-

161 753 304 796 monum
324 730 463 794 nomine
487 730 562 794 divi
590 752 707 794 manes
738 729 830 814 apud
857 729 986 794 inferos
1011 729 1207 793 habitantes
1231 727 1288 792 de-

162 839 354 924 signentur.
403 839 485 902 Tale
514 838 597 922 qnid
626 837 729 901 etiem
760 837 901 922 reliquis
925 837 1009 901 locis
1038 838 1148 918 (Dem.
1165 836 1219 920 42,
1247 836 1289 901 17

162 953 196 1011 et
212 944 334 1010 Aesch.
359 948 388 1027 3,
416 947 491 1028 137)
517 946 653 1009 subesse
676 944 833 1028 equidem
854 966 974 1008 vereor
998 943 1178 1007 affirmare.
1224 942 1288 1006 At-

162 1076 228 1138 que
249 1051 332 1116 haec
353 1051 394 1116 de
415 1051 587 1115 universis
610 1050 691 1134 deis,
716 1050 888 1134 heroibus²
914 1049 1151 1130 eleemonibus3
1176 1047 1289 1113 dicam

161 1183 254 1224 nunc
277 1158 318 1222 de
343 1159 491 1243 singulis
516 1158 588 1222 deis
613 1164 646 1221 et
670 1157 808 1222 deabus.

252 1265 304 1330 Ac
334 1265 428 1329 lovis
465 1264 729 1329 obtestationem
762 1267 818 1349 (μὰ
841 1263 909 1347 Δία,
940 1265 978 1347 νὴ
1003 1262 1072 1347 Δία,
1102 1265 1181 1346 πρὸς
1205 1262 1287 1344 Διὸς)

161 1372 310 1436 maxime
341 1371 506 1436 usitatam
537 1393 623 1454 esse,
660 1393 730 1434 non
763 1370 945 1450 hebemuS‚
987 1370 1079 1454 quod
1113 1368 1287 1434 miremur.

162 1479 348 1544 Celebatur
372 1478 464 1542 enim
487 1478 657 1564 Iuppiter,
690 1484 729 1542 ut
753 1485 826 1542 erat
850 1477 1004 1541 omnium
1027 1476 1169 1540 deorum
1192 1475 1287 1562 prin-

160 1607 254 1671 ceps,
286 1608 367 1671 pree
399 1584 519 1649 ceteris
551 1591 585 1648 et
613 1585 784 1648 iuretivus
809 1584 891 1648 deus
915 1592 949 1649 et
972 1605 1120 1668 magnus
1143 1582 1288 1669 periurii

160 1691 299 1776 vindex,
324 1692 379 1756 cui
403 1692 468 1755 soli
491 1713 681 1776 cognomen
705 1694 811 1775 ὅρκιος
834 1691 985 1755 inditum
1009 1697 1091 1756 erat.
1106 1694 1128 1774 ¹)

250 1797 591 1883 Amplificationis,‘²)
624 1820 709 1882 quae
739 1797 880 1880 dicitur,
912 1797 1026 1882 figura
1053 1820 1215 1884 persaepe
1244 1797 1288 1862 ad
1391 1809 1393 1813 ’

160 1906 280 1970 Iovem
303 1904 457 1988 universi
481 1927 615 1989 quoque
640 1903 695 1968 dei
719 1903 956 1968 adsciscuntur
986 1906 1037 1988 (νὴ
1066 1907 1119 1969 τὸν
1148 1904 1204 1969 Δία
1233 1909 1287 1970 καὶ

160 2013 279 2088 πάντας
303 2013 412 2094 θεοὺς,
435 2015 514 2094 πρὸς
538 2010 608 2087 Διὸς
632 2014 684 2075 καὶ
708 2013 817 2093 θεῶν).

250 2118 386 2182 Pariter
407 2117 639 2202 compluribus
660 2117 744 2181 locis
766 2124 800 2181 et
819 2117 893 2203 ipse
909 2116 1127 2202 Apellolovi
1144 2119 1286 2183 coniun-

164 2225 271 2310 gitur:
304 2225 402 2289 Dem.
427 2226 462 2306 9,
488 2224 530 2287 65
562 2226 578 2287 ὃ
604 2225 641 2307 νὴ
665 2227 718 2288 τὸν
743 2224 799 2287 Δία
823 2227 876 2288 καὶ
904 2227 958 2287 τὸν
984 2223 1127 2289 Ἀπόλλω
1159 2226 1286 2290 δέδοικα

160 2333 261 2416 ἔγωγε
286 2332 328 2416 μν)
353 2332 481 2416 πάθητε
505 2333 600 2416 ὑμεῖς.
656 2332 839 2396 Praeterea
862 2333 958 2396 Dem.
986 2333 1038 2416 50,
1064 2334 1106 2396 13
1132 2373 1173 2380 —
1199 2335 1284 2399 Isae.

159 2441 189 2521 6,
215 2439 256 2502 61
283 2477 323 2484 ἡ
349 2437 471 2502 Aesch.
499 2439 527 2520 1,
552 2439 605 2520 81,
630 2440 683 2520 88,
711 2439 784 2502 108.
844 2438 912 2503 Η1ο
935 2440 1039 2503 velim
1063 2440 1149 2504 illud
1172 2463 1284 2505 recor·

158 2543 259 2628 deris,
285 2543 378 2629 quod
400 2544 638 2628 Naegelsbach
663 2546 802 2630 (11136)
828 2544 1285 2631 (11011ΑΡο111111ο111111ονο

157 2657 231 2715 tem
256 2659 367 2716 artam
395 2651 682 2715 necessitudinem
710 2652 928 2734 intercedere,
953 2661 992 2717 ut
1016 2653 1285 2740 quotiescunque

158 2758 220 2822 alii
237 2758 291 2822 dei
309 2758 352 2822 ad
367 2759 485 2822 Iovem
503 2758 674 2842 accedant,
699 2781 876 2844 nunquam
898 2766 1132 2846 praetereatur
1148 2761 1282 2849 Apelle,

158 2888 246 2950 quae
269 2888 323 2930 res
345 2865 509 2949 congruit
533 2888 610 2930 cum
633 2888 703 2931 uno
728 2866 799 2930 eius
821 2868 956 2952 generis
977 2869 1050 2933 loco
1073 2869 1164 2954 apud
1184 2870 1281 2935 Dem.
1311 2870 1314 2878 ’

156 2974 215 3056 152,
240 2975 261 3037 9
285 2977 339 3037 καὶ
363 2977 406 3058 μὰ
429 2975 482 3036 τὸν
506 2972 563 3036 Δία
586 2976 714 3037 καὶτὸν
740 2973 882 3038 Ἀπόλλω
906 2978 959 3038 καὶ
981 2977 1038 3058 τὴν
1063 2975 1225 3062 Δήμητρα.

247 3080 405 3144 Minerva
441 3101 576 3163 quoque
607 3103 676 3144 una
707 3103 785 3144 curn
815 3081 899 3146 love
934 3081 1138 3168 imploratur
1168 3107 1188 3149 a
1220 3084 1281 3148 Di·

154 3187 285 3252 narcho
312 3189 339 3271 1,
366 3189 407 3250 36
432 3189 457 3250 ὡ
483 3187 615 3252 δέσποιν’
641 3187 764 3273 Ἀθηνᾶ
788 3192 841 3253 καὶ
863 3189 922 3253 Ζεῦ
947 3201 1057 3273 σῶτερ.
1107 3243 1112 3257 .

245 3295 354 3378 Ieme,
379 3294 565 3380 Apollinis²
597 3296 775 3360 Minervae
798 3296 1008 3381 coniuncti0,
1038 3320 1106 3382 quo
1130 3299 1281 3363 carmine

153 3403 289 3469 nullum
314 3403 454 3467 Graecis
483 3409 556 3467 erat
584 3405 749 3487 sanctius,
781 3406 913 3469 nullum
942 3405 1187 3491 sollemniuS‚³)
1212 3430 1278 3492 quo

152 3511 326 3575 Homerus
350 3509 387 3573 in
411 3509 620 3575 carminibus
645 3511 717 3575 suis
728 3513 752 3596 4)
777 3534 944 3577 summam
969 3512 1136 3578 orationis
1157 3515 1278 3600 ampli·

245 3725 264 3797 ¹)
283 3723 382 3794 Eurip.
401 3724 477 3778 Med.
499 3725 549 3778 171
570 3729 654 3793 Ζῆνα,
676 3729 706 3790 ὃς
725 3731 812 3792 ὅρκων
832 3731 942 3792 θνατοῖς
960 3733 1056 3794 ταμίας
1075 3733 1230 3794 νενόμισται.
1242 3760 1275 3769 -

151 3813 288 3885 Sophool.
308 3814 412 3868 Trach.
434 3815 504 3868 1324
523 3819 595 3883 Ζῆνα
615 3820 704 3882 ὅρκιον
724 3816 808 3868 καλῶ.

242 3903 264 3976 ¹)
293 3903 329 3956 cf.
349 3903 504 3958 Rehdantz
523 3905 586 3958 Ind.
605 3924 632 3976 p.
653 3907 712 3960 168.

240 3995 262 4064 ³)
290 3993 452 4047 Buttmann
473 3994 683 4066 (mythologus
704 3996 784 4065 1828)
804 3995 819 4049 I
838 4014 864 4066 p.
883 3997 927 4050 29.

239 4085 262 4157 4)
288 4089 316 4138 αἰ
334 4090 394 4152 γάρ,
416 4090 464 4139 Ζεῦ
484 4105 514 4139 τε
532 4092 620 4154 πάτηρ
634 4093 680 4140 καὶ
695 4090 821 4154 Ἀθηναίη
842 4093 888 4140 καὶ
901 4091 1035 4142 Ἄπολλον
1049 4088 1114 4160 (Od.
1128 4090 1153 4160 4,
1165 4091 1226 4146 341.
1239 4121 1273 4134 ·-

148 4172 188 4228 II.
206 4172 232 4246 2,
250 4173 303 4228 371
323 4173 465 4248 aliisque).
