2850 4560
602 130 822 197 ..31.„

147 328 270 396 harum
309 354 423 395 rerum
458 330 623 395 memoria
659 329 915 413 officiorumque
951 328 1040 392 ratio
1076 329 1274 396 inculcetur.
1369 322 1371 328 ’

148 439 191 502 Ιπ
222 439 277 502 his
311 439 403 502 enim
431 439 532 502 rebus
562 438 673 501 omnis
702 459 805 501 eausa
828 437 1058 503 vertebatur.“
1114 437 1162 502 At
1193 439 1277 503 haec

147 552 224 610 tota
264 546 448 610 obtestatio
487 567 556 608 non
594 544 707 628 magis
748 543 898 608 oratoria
938 543 1141 608 exclamatio
1174 567 1277 629 quam

150 651 354 718 declamatio
391 675 462 717 esso
498 652 645 716 videtur.
710 651 766 715 An
802 673 883 714 vero
919 657 958 714 ut
992 650 1302 716 commonefacias

96 779 106 789 ·'
147 759 277 824 iudices
294 760 446 831 virtutis,
472 757 684 845 prudentiae,
710 757 920 842 disciplinae,
950 797 984 805 -
1013 758 1170 821 sollemni
1192 779 1276 844 opus

148 873 200 930 est
223 866 357 930 telluris
381 873 415 929 ot
438 865 520 929 solis
546 865 798 928 obtestatione?
845 863 913 927 Sed
933 863 1016 928 haee
1037 884 1108 928 non
1129 867 1276 950 amplius

149 972 371 1040 deliberanda
395 994 524 1037 censeo„

239 1081 375 1163 Restat,
407 1087 446 1144 ut
478 1079 650 1163 attingam
681 1079 871 1164 complures
904 1078 989 1142 alios
1018 1079 1124 1162 lecca,
1157 1081 1216 1145 ubi
1248 1081 1277 1144 is

151 1187 211 1271 qui
242 1187 396 1271 loquitur
427 1193 562 1271 praeter
586 1185 666 1249 deos
699 1185 802 1248 etiam
826 1207 886 1270 per
910 1185 1066 1248 homines
1091 1193 1150 1249 aut
1173 1187 1277 1250 earis-

151 1293 238 1357 sima
263 1316 415 1377 quaeque
440 1293 580 1374 indicae,
605 1300 644 1356 ut
667 1292 735 1356 sibi
759 1292 887 1356 auxilio
908 1292 1059 1375 veniant,
1085 1301 1161 1358 orat
1177 1302 1278 1378 atque

151 1401 315 1465 obsecrat.
371 1400 477 1464 Cuius
506 1401 556 1464 rei
584 1400 739 1484 exempla
763 1399 867 1464 habet
889 1399 1031 1483 Lysias:
1066 1401 1101 1482 4,
1128 1401 1171 1465 20
1201 1405 1278 1485 πρὸς

151 1509 204 1571 οὖν
233 1507 350 1570 παίδων
379 1511 432 1570 καὶ
459 1517 615 1591 γυναικῶν
644 1509 696 1570 καὶ
723 1508 808 1570 θεῶν
918 1507 1055 1572 ἱκετεύω.
1111 1507 1278 1572 Similiter

151 1615 233 1698 Lys
259 1614 312 1696 20,
338 1615 393 1695 363
425 1614 522 1678 Dein.
548 1614 601 1696 28,
627 1613 679 1678 20.

245 1720 407 1784 Omnium
429 1727 542 1784 autem
564 1718 831 1805 pulcherrimum
851 1720 1083 1784 iuramentum
1103 1720 1189 1786 illud
1206 1745 1278 1787 esse

153 1826 346 1909 arbitraria,
376 1849 442 1911 quo
468 1827 714 1892 Demosthenes
739 1827 792 1891 sui
816 1827 990 1913 purgandi
1014 1851 1116 1893 causa
1140 1829 1195 1892 vel
1218 1852 1278 1915 per

153 1940 305 1998 mortuos
334 1934 426 1998 iurat
447 1934 493 2015 in
524 1956 572 2000 or.
599 1935 654 2017 18,
680 1934 762 1997 208:
797 1937 840 2019 μὰ
862 1938 933 2011 τοὺς
956 1934 1132 2017 Μαραθῶνι
1154 1958 1279 2019 προκιν-

153 2040 356 2116 δυνεύσαντας
387 2050 448 2105 τῶν
476 2042 638 2126 ’προγόνων
664 2093 724 2106 ...
754 2039 795 2104 de
819 2061 886 2124 quo
910 2040 984 2104 iure
1009 2040 1154 2105 iurando
1178 2043 1278 2128 plura

153 2147 221 2211 alio
245 2147 329 2212 loco.

242 2254 355 2317 Huius
377 2253 442 2318 loci
462 2254 611 2318 imitatio
633 2276 705 2318 esse
722 2253 859 2318 videtur
879 2252 964 2319 haec
981 2255 1164 2320 obtestatio
1186 2257 1277 2342 apud

154 2363 226 2445 (Pe)
250 2363 348 2427 Dem.
374 2363 430 2444 25,
459 2364 516 2428 97:
557 2365 620 2448 ἐγὼ
652 2365 686 2427 δὲ
718 2366 789 2440 τοὺς
817 2364 989 2448 προγόνους
1012 2368 1142 2442 καὶτὰς
1167 2368 1278 2450 ἀρετὰς

153 2471 279 2534 ἐκείνων
305 2472 465 2536 ἀνακαλῶ.

245 2792 296 2856 De
324 2791 524 2856 numinibus
552 2790 712 2855 iurativis
741 2790 825 2856 satis
853 2790 984 2854 dietum
1012 2812 1084 2854 esse
1115 2791 1277 2876 arbitror,

154 2906 338 2984 quaeratur
366 2921 470 2981 nunc,
504 2920 590 2982 quae
613 2895 781 2961 formulae
805 2896 956 2982 plurium
980 2904 1157 2961 oratorum
1187 2921 1278 2964 eom·
1320 2982 1325 2990 ι

153 3027 282 3089 muneS,
308 3027 393 3089 quae
417 3004 684 3088 uniuscuiusque
708 3003 867 3089 propriae
891 3003 971 3068 sint.

243 3112 295 3177 Ac
311 3111 489 3175 sollemnia
507 3111 700 3175 iuramenta
717 3117 751 3174 et
766 3132 891 3196 preme,
916 3132 1002 3195 quae
1022 3111 1137 3176 verbis
1158 3115 1278 3199 ὄμνυμι,

155 3221 358 3308 μαρτύρομαι,
392 3219 495 3301 καλῶ,
530 3221 662 3303 εὔχομαι
685 3216 895 3300 formantur,
932 3223 1069 3282 exstant
1093 3218 1184 3305 apud
1207 3220 1278 3305 Ly-

154 3324 309 3411 curgum,
333 3323 557 3411 Hyperidem,
583 3323 806 3406 Dinarchum,
831 3322 1047 3408 Aeschinem,
1076 3326 1278 3391 Demosthe-

153 3457 246 3516 nem,
270 3433 429 3499 breviora
450 3440 565 3497 autem
585 3438 619 3495 et
640 3431 771 3496 leviora
791 3433 903 3517 ὔμνυμι
924 3435 994 3508 τοὺς
1015 3433 1122 3516 θεοὺς,
1146 3436 1279 3521 εὔχομαι

153 3553 215 3620 τοῖς
239 3545 324 3618 θεοῖς
348 3541 438 3627 apud
461 3562 568 3604 unum
592 3539 876 3614 Demosthenem„
1045 3626 1047 3631 Ι

245 3650 343 3714 Tales
364 3655 478 3713 autem
501 3639 617 3733 preces
641 3668 719 3711 cum
739 3647 949 3711 collocantur
973 3646 1010 3710 in
1034 3645 1178 3711 alieuius
1202 3667 1278 3720 ora-

154 3757 260 3820 tionis
296 3756 450 3839 exordio,
490 3754 638 3819 nimium
676 3761 845 3839 quantum
880 3754 996 3819 valent
1034 3753 1077 3818 ad
1112 3756 1279 3820 sermonis

154 3863 227 3927 vim
255 3863 530 3948 gravitatemque
559 3861 767 3946 augendam,
799 3861 896 3925 ouius
927 3860 978 3925 rei
1008 3860 1279 3925 illustrissimum

155 3970 348 4056 exemplum
378 3970 532 4055 prodidit
561 3968 807 4034 Demosthenes
840 3970 896 4052 18,
930 3969 962 4032 l:
998 3967 1129 4052 Πρῶτον
1154 3969 1221 4054 μέν,
1253 3972 1278 4033 ὡ

156 4081 262 4163 ἄνδρες
286 4078 459 4163 Ἀθηναῖοι,
490 4089 553 4154 τοῖς
584 4079 670 4155 θεοῖς
701 4080 832 4162 εὔχομαι
859 4087 934 4141 πᾶσι
965 4079 1019 4140 καὶ
1045 4077 1170 4159 πάσαις,
1202 4079 1283 4164 ὅσην
1312 4113 1316 4119 ·

155 4189 275 4250 εὔνοιαν
291 4187 374 4270 ἔχων
392 4185 454 4270 ἐγὼ
472 4185 602 4248 διατελῶ
619 4193 657 4270 τῇ
675 4206 708 4248 τε
728 4184 817 4248 πόλει
838 4187 892 4248 καὶ
911 4194 1003 4248 πᾶσιν
1024 4185 1101 4268 ὑμῖν,
1124 4185 1278 4267 τοσαύτην
1346 4259 1349 4263 ,
