<?xml version="1.0" encoding="UTF-8"?>
<!DOCTYPE html PUBLIC "-//W3C//DTD XHTML 1.0 Transitional//EN"
    "http://www.w3.org/TR/xhtml1/DTD/xhtml1-transitional.dtd">
<html xmlns="http://www.w3.org/1999/xhtml" xml:lang="en" lang="en">
 <head>
  <title>
</title>
<meta http-equiv="Content-Type" content="text/html;charset=utf-8" />
  <meta name='ocr-system' content='tesseract 3.04.00' />
  <meta name='ocr-capabilities' content='ocr_page ocr_carea ocr_par ocr_line ocrx_word'/>
</head>
<body>
  <div class='ocr_page' id='page_1' title='image "./devietusuprecan00kuehgoog_0084.png"; bbox 0 0 2850 4560; ppageno 0'>
   <div class='ocr_carea' id='block_1_1' title="bbox 526 92 818 204">
    <p class='ocr_par' dir='ltr' id='par_1_1' title="bbox 526 92 818 204">
     <span class='ocr_line' id='line_1_1' title="bbox 526 92 818 204; baseline -0.003 0"><span class='ocrx_word' id='word_1_1' title='bbox 526 92 818 204; x_wconf 61' lang='lat'><strong>5-77-</strong></span> 
     </span>
    </p>
   </div>
   <div class='ocr_carea' id='block_1_2' title="bbox 143 333 1273 2779">
    <p class='ocr_par' dir='ltr' id='par_1_2' title="bbox 254 333 1272 637">
     <span class='ocr_line' id='line_1_2' title="bbox 344 333 1272 420; baseline 0.001 -22"><span class='ocrx_word' id='word_1_2' title='bbox 344 335 420 399; x_wconf 84' lang='lat' dir='ltr'>Hoc</span> <span class='ocrx_word' id='word_1_3' title='bbox 449 334 678 399; x_wconf 89' lang='lat' dir='ltr'>iuramentum</span> <span class='ocrx_word' id='word_1_4' title='bbox 708 356 727 399; x_wconf 89' lang='lat' dir='ltr'>a</span> <span class='ocrx_word' id='word_1_5' title='bbox 751 333 982 399; x_wconf 89' lang='lat' dir='ltr'>Demosthene</span> <span class='ocrx_word' id='word_1_6' title='bbox 1010 335 1176 420; x_wconf 88' lang='lat' dir='ltr'>scriptum</span> <span class='ocrx_word' id='word_1_7' title='bbox 1200 357 1272 400; x_wconf 85' lang='grc'>6666</span> 
     </span>
     <span class='ocr_line' id='line_1_3' title="bbox 254 429 1272 526; baseline 0 -22"><span class='ocrx_word' id='word_1_8' title='bbox 254 463 324 504; x_wconf 89' lang='lat' dir='ltr'>non</span> <span class='ocrx_word' id='word_1_9' title='bbox 339 441 517 526; x_wconf 80' lang='lat' dir='ltr'>probabile</span> <span class='ocrx_word' id='word_1_10' title='bbox 533 447 593 507; x_wconf 84' lang='lat' dir='ltr'>est.</span> <span class='ocrx_word' id='word_1_11' title='bbox 639 429 790 525; x_wconf 81' lang='lat' dir='ltr'>Accedit,</span> <span class='ocrx_word' id='word_1_12' title='bbox 816 439 907 526; x_wconf 84' lang='lat' dir='ltr'>quod</span> <span class='ocrx_word' id='word_1_13' title='bbox 929 441 1057 505; x_wconf 89' lang='lat' dir='ltr'>locutio</span> <span class='ocrx_word' id='word_1_14' title='bbox 1075 442 1117 518; x_wconf 83' lang='grc' dir='ltr'>ὡς</span> <span class='ocrx_word' id='word_1_15' title='bbox 1136 444 1272 506; x_wconf 82' lang='grc' dir='ltr'>ἴστωσαν</span> 
     </span>
     <span class='ocr_line' id='line_1_4' title="bbox 255 548 1249 637; baseline 0.001 -24"><span class='ocrx_word' id='word_1_16' title='bbox 255 551 282 613; x_wconf 79' lang='grc' dir='ltr'>σῖ</span> <span class='ocrx_word' id='word_1_17' title='bbox 306 551 376 613; x_wconf 71' lang='grc' dir='ltr'>θεοὶ</span> <span class='ocrx_word' id='word_1_18' title='bbox 478 548 618 613; x_wconf 89' lang='lat' dir='ltr'>omnino</span> <span class='ocrx_word' id='word_1_19' title='bbox 642 570 781 634; x_wconf 88' lang='lat' dir='ltr'>perraro</span> <span class='ocrx_word' id='word_1_20' title='bbox 806 549 849 615; x_wconf 87' lang='lat' dir='ltr'>ab</span> <span class='ocrx_word' id='word_1_21' title='bbox 865 548 992 614; x_wconf 87' lang='lat' dir='ltr'>Atticis</span> <span class='ocrx_word' id='word_1_22' title='bbox 1015 557 1213 635; x_wconf 86' lang='lat' dir='ltr'>usurpatur.</span> <span class='ocrx_word' id='word_1_23' title='bbox 1226 552 1249 637; x_wconf 87' lang='lat'>¹)</span> 
     </span>
    </p>

    <p class='ocr_par' dir='ltr' id='par_1_3' title="bbox 344 654 774 740">
     <span class='ocr_line' id='line_1_5' title="bbox 344 654 774 740; baseline 0.005 -22"><span class='ocrx_word' id='word_1_24' title='bbox 344 655 421 740; x_wconf 84' lang='lat' dir='ltr'>4p.</span> <span class='ocrx_word' id='word_1_25' title='bbox 449 655 545 738; x_wconf 82' lang='lat'>1488,</span> <span class='ocrx_word' id='word_1_26' title='bbox 571 655 612 719; x_wconf 95' lang='grc'>11</span> <span class='ocrx_word' id='word_1_27' title='bbox 647 655 685 738; x_wconf 76' lang='grc' dir='ltr'>νὴ</span> <span class='ocrx_word' id='word_1_28' title='bbox 709 654 774 720; x_wconf 79' lang='grc' dir='ltr'>Δία.</span> 
     </span>
    </p>

    <p class='ocr_par' dir='ltr' id='par_1_4' title="bbox 255 763 1273 1173">
     <span class='ocr_line' id='line_1_6' title="bbox 344 763 1273 851; baseline 0.002 -25"><span class='ocrx_word' id='word_1_29' title='bbox 344 764 365 826; x_wconf 75' lang='grc' dir='ltr'>ἴ)</span> <span class='ocrx_word' id='word_1_30' title='bbox 390 763 470 845; x_wconf 84' lang='lat' dir='ltr'>(duo</span> <span class='ocrx_word' id='word_1_31' title='bbox 490 763 584 851; x_wconf 87' lang='lat' dir='ltr'>loci):</span> <span class='ocrx_word' id='word_1_32' title='bbox 611 767 655 849; x_wconf 85' lang='grc' dir='ltr'>μὰ</span> <span class='ocrx_word' id='word_1_33' title='bbox 677 767 748 841; x_wconf 89' lang='grc' dir='ltr'>τσὺς</span> <span class='ocrx_word' id='word_1_34' title='bbox 771 765 866 840; x_wconf 67' lang='grc' dir='ltr'>θεοὺς</span> <span class='ocrx_word' id='word_1_35' title='bbox 891 764 1000 847; x_wconf 82' lang='grc'>(1490,</span> <span class='ocrx_word' id='word_1_36' title='bbox 1028 765 1081 846; x_wconf 83' lang='grc'>16)</span> <span class='ocrx_word' id='word_1_37' title='bbox 1107 771 1140 827; x_wconf 91' lang='grc'>61</span> <span class='ocrx_word' id='word_1_38' title='bbox 1164 765 1273 850; x_wconf 77' lang='grc' dir='ltr'>δέομαι</span> 
     </span>
     <span class='ocr_line' id='line_1_7' title="bbox 255 869 1271 957; baseline 0 -23"><span class='ocrx_word' id='word_1_39' title='bbox 255 869 293 955; x_wconf 80' lang='grc' dir='ltr'>δή</span> <span class='ocrx_word' id='word_1_40' title='bbox 311 893 367 935; x_wconf 86' lang='grc' dir='ltr'>σου</span> <span class='ocrx_word' id='word_1_41' title='bbox 383 874 460 955; x_wconf 78' lang='grc' dir='ltr'><strong>πρὸς</strong></span> <span class='ocrx_word' id='word_1_42' title='bbox 472 871 542 948; x_wconf 74' lang='grc' dir='ltr'>Διὸς</span> <span class='ocrx_word' id='word_1_43' title='bbox 558 871 657 950; x_wconf 84' lang='grc' dir='ltr'>ξενίου</span> <span class='ocrx_word' id='word_1_44' title='bbox 673 874 726 935; x_wconf 83' lang='grc' dir='ltr'>καὶ</span> <span class='ocrx_word' id='word_1_45' title='bbox 741 872 866 936; x_wconf 83' lang='grc' dir='ltr'>πάντων</span> <span class='ocrx_word' id='word_1_46' title='bbox 882 882 942 937; x_wconf 82' lang='grc' dir='ltr'>τῶν</span> <span class='ocrx_word' id='word_1_47' title='bbox 955 874 1040 936; x_wconf 71' lang='grc' dir='ltr'>θεῶν</span> <span class='ocrx_word' id='word_1_48' title='bbox 1058 878 1102 957; x_wconf 78' lang='lat' dir='ltr'>(p.</span> <span class='ocrx_word' id='word_1_49' title='bbox 1120 871 1213 955; x_wconf 81' lang='lat'>1490,</span> <span class='ocrx_word' id='word_1_50' title='bbox 1227 874 1271 952; x_wconf 77' lang='lat'>2),</span> 
     </span>
     <span class='ocr_line' id='line_1_8' title="bbox 256 975 1272 1063; baseline 0.002 -21"><span class='ocrx_word' id='word_1_51' title='bbox 256 1001 341 1063; x_wconf 89' lang='lat' dir='ltr'>quae</span> <span class='ocrx_word' id='word_1_52' title='bbox 371 978 519 1044; x_wconf 89' lang='lat' dir='ltr'>formula</span> <span class='ocrx_word' id='word_1_53' title='bbox 546 1000 616 1044; x_wconf 92' lang='lat' dir='ltr'>non</span> <span class='ocrx_word' id='word_1_54' title='bbox 644 978 911 1044; x_wconf 85' lang='lat' dir='ltr'>Demosthenica</span> <span class='ocrx_word' id='word_1_55' title='bbox 944 1003 1015 1045; x_wconf 79' lang='lat' dir='ltr'>esse</span> <span class='ocrx_word' id='word_1_56' title='bbox 1046 975 1198 1063; x_wconf 74' lang='lat' dir='ltr'>videtur,</span> <span class='ocrx_word' id='word_1_57' title='bbox 1231 979 1272 1044; x_wconf 88' lang='lat' dir='ltr'>de</span> 
     </span>
     <span class='ocr_line' id='line_1_9' title="bbox 256 1087 1164 1173; baseline 0.003 -23"><span class='ocrx_word' id='word_1_58' title='bbox 256 1108 322 1170; x_wconf 88' lang='lat' dir='ltr'>qua</span> <span class='ocrx_word' id='word_1_59' title='bbox 345 1109 380 1150; x_wconf 91' lang='lat' dir='ltr'>re</span> <span class='ocrx_word' id='word_1_60' title='bbox 404 1108 437 1152; x_wconf 87' lang='lat' dir='ltr'>v.</span> <span class='ocrx_word' id='word_1_61' title='bbox 463 1095 575 1173; x_wconf 87' lang='lat' dir='ltr'>s&#39;upra.</span> <span class='ocrx_word' id='word_1_62' title='bbox 1163 1087 1164 1090; x_wconf 62' lang='grc'>’</span> 
     </span>
    </p>

    <p class='ocr_par' dir='ltr' id='par_1_5' title="bbox 253 1193 1272 1367">
     <span class='ocr_line' id='line_1_10' title="bbox 345 1193 1272 1278; baseline -0.001 -20"><span class='ocrx_word' id='word_1_63' title='bbox 345 1195 374 1277; x_wconf 90' lang='grc'>6,</span> <span class='ocrx_word' id='word_1_64' title='bbox 402 1197 435 1260; x_wconf 82' lang='grc'>1;</span> <span class='ocrx_word' id='word_1_65' title='bbox 459 1195 660 1260; x_wconf 75' lang='lat' dir='ltr'>exsecratio:</span> <span class='ocrx_word' id='word_1_66' title='bbox 686 1198 758 1259; x_wconf 75' lang='grc' dir='ltr'>οἵων</span> <span class='ocrx_word' id='word_1_67' title='bbox 780 1196 821 1270; x_wconf 82' lang='grc' dir='ltr'>εἰς</span> <span class='ocrx_word' id='word_1_68' title='bbox 841 1195 983 1278; x_wconf 76' lang='grc' dir='ltr'>κεφαλὴν</span> <span class='ocrx_word' id='word_1_69' title='bbox 1005 1195 1107 1257; x_wconf 81' lang='grc' dir='ltr'>αὐτῶν</span> <span class='ocrx_word' id='word_1_70' title='bbox 1127 1193 1272 1278; x_wconf 80' lang='grc' dir='ltr'><strong>τρέψειαν</strong></span> 
     </span>
     <span class='ocr_line' id='line_1_11' title="bbox 253 1301 384 1367; baseline 0.023 -4"><span class='ocrx_word' id='word_1_71' title='bbox 253 1302 283 1365; x_wconf 78' lang='grc' dir='ltr'>οἱ</span> <span class='ocrx_word' id='word_1_72' title='bbox 306 1301 384 1367; x_wconf 75' lang='lat' dir='ltr'>hcet.</span> 
     </span>
    </p>

    <p class='ocr_par' dir='ltr' id='par_1_6' title="bbox 255 1405 1272 1600">
     <span class='ocr_line' id='line_1_12' title="bbox 344 1405 1272 1494; baseline 0 -22"><span class='ocrx_word' id='word_1_73' title='bbox 344 1407 501 1472; x_wconf 81' lang='lat' dir='ltr'>Secunda</span> <span class='ocrx_word' id='word_1_74' title='bbox 535 1407 645 1494; x_wconf 86' lang='lat' dir='ltr'>igitur</span> <span class='ocrx_word' id='word_1_75' title='bbox 677 1414 711 1472; x_wconf 90' lang='lat' dir='ltr'>et</span> <span class='ocrx_word' id='word_1_76' title='bbox 742 1408 863 1493; x_wconf 90' lang='lat' dir='ltr'>quinta</span> <span class='ocrx_word' id='word_1_77' title='bbox 898 1407 1044 1493; x_wconf 88' lang='lat' dir='ltr'>epistola</span> <span class='ocrx_word' id='word_1_78' title='bbox 1078 1405 1272 1472; x_wconf 88' lang='lat' dir='ltr'>iuramenta</span> 
     </span>
     <span class='ocr_line' id='line_1_13' title="bbox 255 1512 1271 1600; baseline 0.001 -22"><span class='ocrx_word' id='word_1_79' title='bbox 255 1513 395 1597; x_wconf 86' lang='lat' dir='ltr'>habent,</span> <span class='ocrx_word' id='word_1_80' title='bbox 428 1537 515 1600; x_wconf 88' lang='lat' dir='ltr'>quae</span> <span class='ocrx_word' id='word_1_81' title='bbox 547 1522 638 1580; x_wconf 88' lang='lat' dir='ltr'>certo</span> <span class='ocrx_word' id='word_1_82' title='bbox 670 1515 801 1580; x_wconf 87' lang='lat' dir='ltr'>alienae</span> <span class='ocrx_word' id='word_1_83' title='bbox 832 1522 913 1579; x_wconf 91' lang='lat' dir='ltr'>sunt</span> <span class='ocrx_word' id='word_1_84' title='bbox 937 1512 1178 1579; x_wconf 79' lang='lat' dir='ltr'>Demosthenis</span> <span class='ocrx_word' id='word_1_85' title='bbox 1202 1535 1271 1579; x_wconf 88' lang='lat' dir='ltr'>ser·</span> 
     </span>
    </p>

    <p class='ocr_par' dir='ltr' id='par_1_7' title="bbox 143 1614 359 1686">
     <span class='ocr_line' id='line_1_14' title="bbox 143 1614 359 1686; baseline 0.009 -2"><span class='ocrx_word' id='word_1_86' title='bbox 143 1614 153 1627; x_wconf 76' lang='grc'><strong><em>’</em></strong></span> <span class='ocrx_word' id='word_1_87' title='bbox 255 1620 359 1686; x_wconf 89' lang='lat' dir='ltr'>moni.</span> 
     </span>
    </p>

    <p class='ocr_par' dir='ltr' id='par_1_8' title="bbox 254 1726 1271 2241">
     <span class='ocr_line' id='line_1_15' title="bbox 306 1726 1271 1815; baseline -0.002 -21"><span class='ocrx_word' id='word_1_88' title='bbox 306 1744 333 1769; x_wconf 76' lang='lat'><em>&#39;</em></span> <span class='ocrx_word' id='word_1_89' title='bbox 345 1729 471 1794; x_wconf 88' lang='lat' dir='ltr'>Omnes</span> <span class='ocrx_word' id='word_1_90' title='bbox 491 1735 605 1793; x_wconf 88' lang='lat' dir='ltr'>autem</span> <span class='ocrx_word' id='word_1_91' title='bbox 625 1728 688 1792; x_wconf 88' lang='lat' dir='ltr'>has</span> <span class='ocrx_word' id='word_1_92' title='bbox 704 1729 865 1815; x_wconf 76' lang='lat' dir='ltr'>epistolas</span> <span class='ocrx_word' id='word_1_93' title='bbox 882 1726 1108 1793; x_wconf 72' lang='lat' dir='ltr'>Demostheni</span> <span class='ocrx_word' id='word_1_94' title='bbox 1120 1729 1271 1793; x_wconf 88' lang='lat' dir='ltr'>Wester·</span> 
     </span>
     <span class='ocr_line' id='line_1_16' title="bbox 255 1831 1271 1921; baseline 0 -23"><span class='ocrx_word' id='word_1_95' title='bbox 255 1856 400 1899; x_wconf 88' lang='lat' dir='ltr'>mannus</span> <span class='ocrx_word' id='word_1_96' title='bbox 425 1841 459 1898; x_wconf 90' lang='lat' dir='ltr'>et</span> <span class='ocrx_word' id='word_1_97' title='bbox 482 1831 704 1900; x_wconf 64' lang='grc'>16616666</span> <span class='ocrx_word' id='word_1_98' title='bbox 729 1834 912 1920; x_wconf 81' lang='lat' dir='ltr'>abrogant3</span> <span class='ocrx_word' id='word_1_99' title='bbox 937 1835 1037 1898; x_wconf 86' lang='lat' dir='ltr'>Blass</span> <span class='ocrx_word' id='word_1_100' title='bbox 1058 1843 1177 1898; x_wconf 87' lang='lat' dir='ltr'>contra</span> <span class='ocrx_word' id='word_1_101' title='bbox 1198 1833 1271 1921; x_wconf 86' lang='lat' dir='ltr'>cpi-</span> 
     </span>
     <span class='ocr_line' id='line_1_17' title="bbox 254 1939 1270 2028; baseline 0 -24"><span class='ocrx_word' id='word_1_102' title='bbox 254 1947 357 2004; x_wconf 88' lang='lat' dir='ltr'>natur</span> <span class='ocrx_word' id='word_1_103' title='bbox 391 1947 460 2005; x_wconf 89' lang='lat' dir='ltr'>tres</span> <span class='ocrx_word' id='word_1_104' title='bbox 495 1940 624 2026; x_wconf 89' lang='lat' dir='ltr'>primas</span> <span class='ocrx_word' id='word_1_105' title='bbox 660 1942 704 2006; x_wconf 92' lang='lat' dir='ltr'>ab</span> <span class='ocrx_word' id='word_1_106' title='bbox 739 1941 813 2027; x_wconf 90' lang='lat' dir='ltr'>ipso</span> <span class='ocrx_word' id='word_1_107' title='bbox 851 1939 1080 2005; x_wconf 77' lang='lat' dir='ltr'>Demosthene</span> <span class='ocrx_word' id='word_1_108' title='bbox 1116 1940 1270 2028; x_wconf 83' lang='lat' dir='ltr'>scriptas,</span> 
     </span>
     <span class='ocr_line' id='line_1_18' title="bbox 256 2045 1271 2133; baseline 0.003 -23"><span class='ocrx_word' id='word_1_109' title='bbox 256 2045 408 2133; x_wconf 81' lang='lat' dir='ltr'>spuriam</span> <span class='ocrx_word' id='word_1_110' title='bbox 432 2053 590 2132; x_wconf 90' lang='lat' dir='ltr'>quartam</span> <span class='ocrx_word' id='word_1_111' title='bbox 614 2052 647 2111; x_wconf 90' lang='lat' dir='ltr'>et</span> <span class='ocrx_word' id='word_1_112' title='bbox 671 2047 842 2133; x_wconf 87' lang='lat' dir='ltr'>quintam,</span> <span class='ocrx_word' id='word_1_113' title='bbox 874 2046 1015 2113; x_wconf 88' lang='lat' dir='ltr'>dubiam</span> <span class='ocrx_word' id='word_1_114' title='bbox 1043 2055 1176 2111; x_wconf 86' lang='lat' dir='ltr'>sextam</span> <span class='ocrx_word' id='word_1_115' title='bbox 1199 2071 1271 2113; x_wconf 88' lang='lat' dir='ltr'>esse</span> 
     </span>
     <span class='ocr_line' id='line_1_19' title="bbox 257 2153 818 2241; baseline 0.005 -24"><span class='ocrx_word' id='word_1_116' title='bbox 257 2154 369 2235; x_wconf 79' lang='lat' dir='ltr'>(Biass</span> <span class='ocrx_word' id='word_1_117' title='bbox 393 2153 458 2236; x_wconf 84' lang='lat'>111,</span> <span class='ocrx_word' id='word_1_118' title='bbox 485 2155 502 2217; x_wconf 85' lang='lat'>1</span> <span class='ocrx_word' id='word_1_119' title='bbox 528 2177 560 2240; x_wconf 91' lang='lat' dir='ltr'>p.</span> <span class='ocrx_word' id='word_1_120' title='bbox 584 2157 648 2219; x_wconf 81' lang='lat'>383</span> <span class='ocrx_word' id='word_1_121' title='bbox 672 2161 706 2218; x_wconf 93' lang='lat' dir='ltr'>et</span> <span class='ocrx_word' id='word_1_122' title='bbox 730 2156 818 2241; x_wconf 85' lang='lat'>398).</span> 
     </span>
    </p>

    <p class='ocr_par' dir='ltr' id='par_1_9' title="bbox 147 2261 1273 2779">
     <span class='ocr_line' id='line_1_20' title="bbox 239 2261 1272 2348; baseline 0.003 -22"><span class='ocrx_word' id='word_1_123' title='bbox 239 2261 404 2326; x_wconf 83' lang='lat' dir='ltr'>Videmus</span> <span class='ocrx_word' id='word_1_124' title='bbox 428 2262 539 2346; x_wconf 86' lang='lat' dir='ltr'>igitur</span> <span class='ocrx_word' id='word_1_125' title='bbox 563 2286 619 2328; x_wconf 84' lang='lat' dir='ltr'>eas</span> <span class='ocrx_word' id='word_1_126' title='bbox 641 2262 812 2328; x_wconf 86' lang='lat' dir='ltr'>orationes</span> <span class='ocrx_word' id='word_1_127' title='bbox 834 2270 1021 2347; x_wconf 84' lang='lat' dir='ltr'>ceteraque,</span> <span class='ocrx_word' id='word_1_128' title='bbox 1047 2285 1133 2348; x_wconf 88' lang='lat' dir='ltr'>quae</span> <span class='ocrx_word' id='word_1_129' title='bbox 1150 2287 1171 2329; x_wconf 92' lang='lat' dir='ltr'>a</span> <span class='ocrx_word' id='word_1_130' title='bbox 1186 2264 1272 2329; x_wconf 88' lang='lat' dir='ltr'>viris</span> 
     </span>
     <span class='ocr_line' id='line_1_21' title="bbox 147 2369 1272 2457; baseline 0.004 -25"><span class='ocrx_word' id='word_1_131' title='bbox 147 2369 256 2434; x_wconf 64' lang='lat' dir='ltr'>clectis</span> <span class='ocrx_word' id='word_1_132' title='bbox 280 2370 316 2435; x_wconf 89' lang='lat' dir='ltr'>in</span> <span class='ocrx_word' id='word_1_133' title='bbox 340 2370 591 2436; x_wconf 84' lang='lat' dir='ltr'>dubitationem</span> <span class='ocrx_word' id='word_1_134' title='bbox 614 2378 795 2454; x_wconf 84' lang='lat' dir='ltr'>vocantur,</span> <span class='ocrx_word' id='word_1_135' title='bbox 825 2395 868 2435; x_wconf 94' lang='lat' dir='ltr'>ne</span> <span class='ocrx_word' id='word_1_136' title='bbox 896 2370 933 2435; x_wconf 91' lang='lat' dir='ltr'>in</span> <span class='ocrx_word' id='word_1_137' title='bbox 962 2370 1017 2435; x_wconf 87' lang='lat' dir='ltr'>his</span> <span class='ocrx_word' id='word_1_138' title='bbox 1041 2371 1180 2457; x_wconf 88' lang='lat' dir='ltr'>quidem</span> <span class='ocrx_word' id='word_1_139' title='bbox 1203 2372 1272 2446; x_wconf 88' lang='lat' dir='ltr'>for-</span> 
     </span>
     <span class='ocr_line' id='line_1_22' title="bbox 148 2477 1273 2564; baseline 0.004 -24"><span class='ocrx_word' id='word_1_140' title='bbox 148 2477 249 2540; x_wconf 84' lang='lat' dir='ltr'>mulis</span> <span class='ocrx_word' id='word_1_141' title='bbox 276 2500 353 2542; x_wconf 91' lang='lat' dir='ltr'>cum</span> <span class='ocrx_word' id='word_1_142' title='bbox 376 2500 458 2542; x_wconf 89' lang='lat' dir='ltr'>vero</span> <span class='ocrx_word' id='word_1_143' title='bbox 490 2483 524 2542; x_wconf 95' lang='lat' dir='ltr'>et</span> <span class='ocrx_word' id='word_1_144' title='bbox 547 2478 692 2564; x_wconf 89' lang='lat' dir='ltr'>probato</span> <span class='ocrx_word' id='word_1_145' title='bbox 717 2478 959 2542; x_wconf 86' lang='lat' dir='ltr'>Demosthenis</span> <span class='ocrx_word' id='word_1_146' title='bbox 988 2501 1112 2564; x_wconf 88' lang='lat' dir='ltr'>genere</span> <span class='ocrx_word' id='word_1_147' title='bbox 1137 2479 1273 2545; x_wconf 81' lang='lat' dir='ltr'>dicendi</span> 
     </span>
     <span class='ocr_line' id='line_1_23' title="bbox 147 2583 1273 2669; baseline 0.004 -22"><span class='ocrx_word' id='word_1_148' title='bbox 147 2607 349 2669; x_wconf 76' lang='lat' dir='ltr'>congruere,</span> <span class='ocrx_word' id='word_1_149' title='bbox 384 2607 462 2650; x_wconf 89' lang='lat' dir='ltr'>cum</span> <span class='ocrx_word' id='word_1_150' title='bbox 493 2591 553 2650; x_wconf 89' lang='lat' dir='ltr'>aut</span> <span class='ocrx_word' id='word_1_151' title='bbox 583 2607 653 2650; x_wconf 93' lang='lat' dir='ltr'>non</span> <span class='ocrx_word' id='word_1_152' title='bbox 680 2584 826 2649; x_wconf 84' lang='lat' dir='ltr'>usitatas</span> <span class='ocrx_word' id='word_1_153' title='bbox 850 2584 1015 2650; x_wconf 85' lang='lat' dir='ltr'>formulas</span> <span class='ocrx_word' id='word_1_154' title='bbox 1039 2583 1189 2651; x_wconf 86' lang='lat' dir='ltr'>habeant</span> <span class='ocrx_word' id='word_1_155' title='bbox 1213 2595 1273 2652; x_wconf 89' lang='lat' dir='ltr'>aut</span> 
     </span>
     <span class='ocr_line' id='line_1_24' title="bbox 148 2692 931 2779; baseline 0.003 -23"><span class='ocrx_word' id='word_1_156' title='bbox 148 2692 399 2778; x_wconf 79' lang='lat' dir='ltr'>exspectatione</span> <span class='ocrx_word' id='word_1_157' title='bbox 423 2693 537 2779; x_wconf 89' lang='lat' dir='ltr'>plures</span> <span class='ocrx_word' id='word_1_158' title='bbox 562 2700 621 2758; x_wconf 90' lang='lat' dir='ltr'>aut</span> <span class='ocrx_word' id='word_1_159' title='bbox 645 2692 785 2758; x_wconf 91' lang='lat' dir='ltr'>omnino</span> <span class='ocrx_word' id='word_1_160' title='bbox 808 2693 931 2758; x_wconf 82' lang='lat' dir='ltr'>nullas</span> 
     </span>
    </p>
   </div>
   <div class='ocr_carea' id='block_1_3' title="bbox 148 2941 1274 3377">
    <p class='ocr_par' dir='ltr' id='par_1_10' title="bbox 148 2941 1274 3377">
     <span class='ocr_line' id='line_1_25' title="bbox 240 2941 1273 3016; baseline 0.004 -21"><span class='ocrx_word' id='word_1_161' title='bbox 240 2944 260 3014; x_wconf 88' lang='lat'>¹)</span> <span class='ocrx_word' id='word_1_162' title='bbox 288 2941 452 2996; x_wconf 87' lang='lat' dir='ltr'>Schroeder</span> <span class='ocrx_word' id='word_1_163' title='bbox 475 2944 514 3016; x_wconf 92' lang='lat' dir='ltr'>(p.</span> <span class='ocrx_word' id='word_1_164' title='bbox 535 2944 575 3016; x_wconf 78' lang='lat'>7):</span> <span class='ocrx_word' id='word_1_165' title='bbox 610 2943 718 3015; x_wconf 80' lang='lat' dir='ltr'>„Attici</span> <span class='ocrx_word' id='word_1_166' title='bbox 743 2961 814 2999; x_wconf 89' lang='lat' dir='ltr'>vero</span> <span class='ocrx_word' id='word_1_167' title='bbox 840 2943 871 2998; x_wconf 90' lang='lat' dir='ltr'>in</span> <span class='ocrx_word' id='word_1_168' title='bbox 896 2943 1044 2999; x_wconf 85' lang='lat' dir='ltr'>cotidiana</span> <span class='ocrx_word' id='word_1_169' title='bbox 1069 2943 1186 3015; x_wconf 87' lang='lat' dir='ltr'>quidem</span> <span class='ocrx_word' id='word_1_170' title='bbox 1212 2944 1273 2999; x_wconf 88' lang='lat' dir='ltr'>vita</span> 
     </span>
     <span class='ocr_line' id='line_1_26' title="bbox 148 3033 1272 3106; baseline 0.002 -20"><span class='ocrx_word' id='word_1_171' title='bbox 148 3033 205 3086; x_wconf 91' lang='lat' dir='ltr'>hoc</span> <span class='ocrx_word' id='word_1_172' title='bbox 223 3033 388 3087; x_wconf 85' lang='lat' dir='ltr'>iuramento</span> <span class='ocrx_word' id='word_1_173' title='bbox 407 3033 484 3105; x_wconf 78' lang='grc' dir='ltr'>(ἴστω</span> <span class='ocrx_word' id='word_1_174' title='bbox 504 3074 563 3101; x_wconf 87' lang='grc'>...,</span> <span class='ocrx_word' id='word_1_175' title='bbox 583 3040 698 3088; x_wconf 83' lang='grc' dir='ltr'>ἴστωσαν</span> <span class='ocrx_word' id='word_1_176' title='bbox 719 3039 778 3106; x_wconf 87' lang='grc'>..,)</span> <span class='ocrx_word' id='word_1_177' title='bbox 797 3034 859 3089; x_wconf 86' lang='lat' dir='ltr'>fere</span> <span class='ocrx_word' id='word_1_178' title='bbox 878 3033 1079 3105; x_wconf 74' lang='lat' dir='ltr'>abstinebant,</span> <span class='ocrx_word' id='word_1_179' title='bbox 1107 3035 1159 3089; x_wconf 86' lang='lat' dir='ltr'>scd</span> <span class='ocrx_word' id='word_1_180' title='bbox 1184 3035 1272 3106; x_wconf 87' lang='lat' dir='ltr'>pluri·</span> 
     </span>
     <span class='ocr_line' id='line_1_27' title="bbox 148 3120 1272 3196; baseline 0.004 -22"><span class='ocrx_word' id='word_1_181' title='bbox 148 3139 228 3174; x_wconf 87' lang='lat' dir='ltr'>mum</span> <span class='ocrx_word' id='word_1_182' title='bbox 244 3120 402 3176; x_wconf 87' lang='lat' dir='ltr'>utebantur</span> <span class='ocrx_word' id='word_1_183' title='bbox 418 3122 577 3178; x_wconf 84' lang='lat' dir='ltr'>Thebani.“</span> <span class='ocrx_word' id='word_1_184' title='bbox 614 3125 756 3196; x_wconf 86' lang='lat' dir='ltr'>Exempla</span> <span class='ocrx_word' id='word_1_185' title='bbox 766 3124 809 3178; x_wconf 74' lang='lat' dir='ltr'>ab</span> <span class='ocrx_word' id='word_1_186' title='bbox 825 3124 875 3179; x_wconf 89' lang='lat' dir='ltr'>illo</span> <span class='ocrx_word' id='word_1_187' title='bbox 888 3124 952 3180; x_wconf 89' lang='lat' dir='ltr'>viro</span> <span class='ocrx_word' id='word_1_188' title='bbox 968 3125 1059 3179; x_wconf 87' lang='lat' dir='ltr'>allata</span> <span class='ocrx_word' id='word_1_189' title='bbox 1075 3124 1153 3196; x_wconf 83' lang='lat' dir='ltr'>apud</span> <span class='ocrx_word' id='word_1_190' title='bbox 1170 3130 1272 3196; x_wconf 76' lang='lat' dir='ltr'>poetas</span> 
     </span>
     <span class='ocr_line' id='line_1_28' title="bbox 149 3213 1274 3287; baseline 0.005 -23"><span class='ocrx_word' id='word_1_191' title='bbox 149 3229 242 3281; x_wconf 87' lang='lat' dir='ltr'>eaque</span> <span class='ocrx_word' id='word_1_192' title='bbox 261 3229 381 3282; x_wconf 87' lang='lat' dir='ltr'>perraro</span> <span class='ocrx_word' id='word_1_193' title='bbox 399 3213 593 3285; x_wconf 84' lang='lat' dir='ltr'>reperiuntur.</span> <span class='ocrx_word' id='word_1_194' title='bbox 629 3215 791 3269; x_wconf 86' lang='lat' dir='ltr'>Praeterea</span> <span class='ocrx_word' id='word_1_195' title='bbox 808 3215 937 3269; x_wconf 85' lang='lat' dir='ltr'>Lasaulx</span> <span class='ocrx_word' id='word_1_196' title='bbox 954 3216 994 3286; x_wconf 85' lang='lat' dir='ltr'>(p.</span> <span class='ocrx_word' id='word_1_197' title='bbox 1009 3217 1072 3287; x_wconf 83' lang='lat'>180)</span> <span class='ocrx_word' id='word_1_198' title='bbox 1090 3233 1180 3269; x_wconf 88' lang='lat' dir='ltr'>unum</span> <span class='ocrx_word' id='word_1_199' title='bbox 1199 3214 1274 3270; x_wconf 85' lang='lat' dir='ltr'>eius-</span> 
     </span>
     <span class='ocr_line' id='line_1_29' title="bbox 149 3301 1065 3377; baseline 0.004 -22"><span class='ocrx_word' id='word_1_200' title='bbox 149 3301 227 3356; x_wconf 83' lang='lat' dir='ltr'>modi</span> <span class='ocrx_word' id='word_1_201' title='bbox 246 3303 412 3374; x_wconf 87' lang='lat' dir='ltr'>exemplum</span> <span class='ocrx_word' id='word_1_202' title='bbox 430 3303 544 3374; x_wconf 75' lang='lat' dir='ltr'>profert</span> <span class='ocrx_word' id='word_1_203' title='bbox 562 3311 605 3359; x_wconf 73' lang='lat' dir='ltr'>ex&#39;</span> <span class='ocrx_word' id='word_1_204' title='bbox 617 3304 730 3360; x_wconf 82' lang='lat' dir='ltr'>Juliani</span> <span class='ocrx_word' id='word_1_205' title='bbox 749 3304 874 3376; x_wconf 86' lang='lat' dir='ltr'>epistola</span> <span class='ocrx_word' id='word_1_206' title='bbox 891 3306 934 3375; x_wconf 82' lang='lat'>38,</span> <span class='ocrx_word' id='word_1_207' title='bbox 958 3325 985 3377; x_wconf 92' lang='lat' dir='ltr'>p.</span> <span class='ocrx_word' id='word_1_208' title='bbox 1005 3306 1065 3359; x_wconf 74' lang='lat'>415.</span> 
     </span>
    </p>
   </div>
   <div class='ocr_carea' id='block_1_4' title="bbox 0 0 1436 4560">
    <p class='ocr_par' dir='ltr' id='par_1_11' title="bbox 0 0 1436 4560">
     <span class='ocr_line' id='line_1_30' title="bbox 0 0 1436 4560; baseline 0 0"><span class='ocrx_word' id='word_1_209' title='bbox 0 0 1436 4560; x_wconf 95' lang='lat' dir='ltr'> </span> 
     </span>
    </p>
   </div>
  </div>
 </body>
</html>
