2850 4560
598 88 817 154 „23..

146 282 302 346 tudinem
326 283 520 368 affectabat,
553 286 657 349 semel
685 286 855 372 reperitur
880 287 971 373 apud
995 288 1092 352 Dem.
1122 290 1179 371 21,
1208 291 1274 354 198

146 390 214 474 ἐμοὶ
253 392 308 475 μὲν
343 392 381 473 νὴ
417 394 471 454 τὸν
506 391 562 455 Δία
597 368 652 456 saul.
685 395 738 456 τὸν
771 393 914 458 Ἀπόλλω
949 398 1004 458 καὶ
1038 397 1095 478 τὴν
1128 397 1272 481 Ἀθηνᾶν

146 495 314 580 (εἰρήσεται
337 498 412 582 γάρ,
436 500 496 561 εἴτε
521 501 646 583 ἄμεινον
671 502 731 563 εἴτε
757 501 799 584 μὴ
826 506 898 580 ...)

236 604 452 669 Gravissima
468 605 577 689 igitur
597 629 657 691 per
677 613 746 670 tres
763 606 843 670 deos
860 607 1061 691 iuramenta,
1085 632 1269 694 quaecum

147 711 305 777 omnibus
331 713 470 778 Graecis
495 713 642 777 maxime
666 715 836 797 usitata,¹)
861 722 934 779 tum
958 716 1227 782 Atheniensibus
1252 741 1273 782 a

146 819 263 903 legum
286 819 454 883 latoribus
475 841 684 906 magnopere
706 821 978 906 oomnrendatu²)
998 822 1104 888 fuisse
1126 831 1273 907 constat,

146 949 317 1013 perpauca
340 927 479 990 omnino
504 929 547 992 ab
572 927 766 993 oratoribus
783 928 910 993 Atticis
934 937 1155 1016 usurpantur.
1203 932 1275 995 Ex-

146 1033 253 1119 ceptis
272 1032 363 1098 enim
381 1033 513 1098 duobus
530 1033 599 1098 illis
615 1035 698 1099 locis
716 1035 807 1120 apud
824 1037 921 1100 Dem.
940 1037 1005 1119 (52,
1023 1039 1043 1101 9
1061 1039 1163 1121 1121,
1183 1040 1273 1121 198),

146 1140 188 1204 111
210 1140 335 1225 quibus
357 1162 460 1226 supra
481 1140 640 1220 diximus,
664 1140 754 1205 nihil
777 1141 871 1206 aliud
895 1141 931 1205 id
955 1166 1064 1227 genus
1088 1144 1271 1230 reperitur.

235 1248 375 1311 Praeter
403 1247 521 1310 Iovem
553 1247 613 1311 alii
644 1269 778 1331 quoque
810 1248 866 1312 dei
893 1249 949 1312 vel
976 1248 1068 1333 deae,
1102 1251 1271 1333 Minerva,

145 1353 285 1440 Apollo,
317 1355 513 1440 Neptunus
546 1354 664 1437 Liber,
697 1355 876 1439 Hercules,
908 1355 1090 1421 Adrasteia
1123 1357 1165 1422 ab
1194 1378 1272 1422 ora-

144 1461 277 1528 toribus
302 1460 507 1525 nominatim
530 1459 745 1526 invocantur.

235 1568 286 1632 Ao
317 1568 488 1651 Minerva,
521 1568 736 1633 Athenarum
767 1570 862 1635 urbis
894 1571 1016 1653 tutela,
1049 1595 1069 1636 1
1092 1573 1271 1656 Lycurgo,

146 1699 223 1741 cum
255 1675 373 1760 agitur
404 1676 537 1761 patriae
568 1676 674 1759 salue,
711 1676 752 1740 de
787 1676 959 1741 industria
994 1678 1197 1764 imploratur
1234 1679 1272 1742 in

146 1783 300 1848 oratione
335 1791 455 1848 eontra
485 1785 684 1849 Leocratem
720 1784 964 1870 perduellionis
996 1785 1138 1850 erimine
1173 1809 1272 1851 aceu-

146 1899 258 1955 satum
282 1895 315 1972 (ξ
334 1892 366 1954 l:
392 1893 524 1976 εὔχομαι
544 1896 605 1977 γὰρ
623 1901 660 1977 τῇ
678 1891 802 1976 Ἀθηνᾷ
823 1895 960 1968 καὶτοῖς
981 1894 1087 1969 ἄλλοις
1109 1895 1195 1969 Aaou
1217 1898 1273 1958 καὶ

146 2007 208 2075 τοῖς
222 1999 323 2081 ἥρωσι
337 2051 343 2063 .
356 2051 362 2063 .
375 2002 409 2077 .);
434 1995 592 2082 idemque
605 2005 719 2061 orator
733 1997 844 2062 denuo
857 1999 1048 2063 obtestatur
1061 2000 1149 2064 hano
1162 1999 1271 2079 deam,

145 2127 222 2170 eum
246 2104 340 2189 leges
363 2111 458 2168 retas
481 2104 560 2169 urbi
584 2103 697 2168 decori
721 2126 793 2168 esse
817 2105 965 2170 affirmat
997 2112 1029 2187 l}
1047 2106 1112 2187 75).
1152 2106 1273 2190 Neque

147 2213 261 2277 minus
278 2212 402 2276 idonea
423 2233 495 2276 esse
511 2211 650 2276 videtur
666 2212 844 2277 Minervae
861 2214 1044 2278 obtestatio
1061 2213 1117 2277 his
1134 2212 1273 2298 quidem

145 2319 241 2385 loeis:
279 2319 376 2384 Dem.
401 2319 458 2401 26,
486 2320 526 2382 19
559 2318 641 2382 ἀλλὰ
663 2320 762 2382 ταῦτά
784 2341 820 2404 γε
845 2321 883 2403 νὴ
907 2321 964 2403 τὴν
989 2320 1130 2404 Ἀθηνᾶν
1155 2321 1273 2398 ὄνειδός

145 2429 208 2491 ἐστι
234 2479 293 2493 ...
318 2429 357 2488 τὰ
373 2425 541 2510 γιγνόμενα
557 2433 594 2509 τῇ
612 2425 709 2490 πόλει.
758 2423 922 2489 Dinarch.
949 2426 977 2507 1,
1004 2427 1048 2489 o4
1076 2427 1273 2512 μαρτύρομαι

145 2539 200 2611 τὰς
224 2537 339 2620 σεμνὰς
364 2534 442 2608 θεὰς
467 2584 473 2598 .
494 2585 526 2598 ..
552 2535 607 2595 καὶ
630 2533 687 2614 τὴν
712 2531 853 2617 Ἀθηνᾶν
877 2534 933 2617 τὴν
956 2533 1097 2597 πολίτιδα
1122 2586 1180 2600 ...
1220 2535 1274 2600 Ao

145 2665 188 2706 ne
213 2641 298 2705 illud
323 2639 463 2725 quidem
487 2637 772 2724 praetereundum
802 2647 853 2703 est
876 2639 956 2704 huie
979 2639 1061 2705 deae
1085 2642 1128 2705 ab
1153 2641 1273 2707 eodem

147 2756 282 2813 oratore
299 2747 335 2811 in
351 2746 519 2832 precibus,
544 2767 629 2830 quas
653 2767 757 2831 supra
781 2745 930 2810 diximus
956 2750 998 2823 11,
1025 2750 1066 2811 86
1092 2750 1116 2812 ὠ
1138 2749 1274 2813 δέσποιν’

146 2856 339 2940 ’.11111111
355 2853 414 2917 Ζεῦ
436 2858 549 2936 σῶτερ)
574 2853 629 2916 vel
653 2852 802 2938 priorem
826 2853 936 2917 locum
960 2876 1032 2918 esse
1055 2855 1273 2922 attributum.

147 2963 371 3029 Desideratur
402 2971 516 3025 autem
547 2960 637 3024 ratio
672 2960 706 3024 in
739 2960 802 3025 1111
833 2961 1011 3026 Minerva-o
1043 2963 1274 3029 obtestatione

146 3069 237 3156 apud
268 3070 365 3135 Dum.
395 3068 452 3150 24,
487 3069 549 3131 llll)
581 3070 598 3132 ὃ
629 3071 674 3153 μὰ
703 3069 759 3152 τὴν
791 3069 931 3154 Ἀθηνᾶν
962 3072 1025 3134 οὐδ’
1054 3072 1135 3155 ὑμᾶς
1166 3073 1273 3156 οἶομαῑ

145 3178 324 3243 λανθάνειν.

236 3283 310 3348 Ium
331 3304 413 3347 vero
430 3282 554 3367 Apollo
575 3281 724 3365 Pythius
750 3305 818 3347 11111
838 3306 915 3347 euru
936 3284 1014 3348 aliis
1039 3283 1112 3348 deis
1136 3284 1273 3349 sollem-

148 3391 258 3457 nitate
274 3389 423 3475 quadam
441 3390 621 3454 invocatur
637 3412 657 3455 a
673 3390 904 3455 Demosthene
929 3394 994 3473 (18,
1015 3391 1074 3455 141
1103 3391 1200 3456 Kale
1218 3444 1225 3459 .
1241 3446 1248 3459 .
1266 3447 1272 3460 .

145 3502 217 3575 τοὺς
241 3501 336 3574 θεοὺς
364 3499 503 3572 ἅπαντας
526 3497 705 3573 saluriam
728 3500 858 3562 καὶτὸν
884 3497 1026 3561 'saeue
1050 3500 1103 3561 τὸν
1127 3497 1273 3582 Ilouza),

239 3712 259 3782 ¹)
287 3708 375 3765 Haud
398 3726 492 3781 pauca
516 3709 579 3763 eius
604 3709 646 3763 rei
666 3709 800 3780 exempla
819 3725 855 3763 ex
875 3708 1073 3779 compluribus
1092 3710 1273 3766 Graecorum

147 3799 315 3855 civitatibus
340 3799 477 3871 repetivit
503 3798 633 3853 Lamulx
659 3798 804 3869 (Studium
828 3798 880 3853 des
900 3798 1081 3853 klassischen
1100 3799 1274 3859 Altertums

148 3887 230 3958 1854)
249 3905 276 3959 p.
298 3888 356 3945 181.
378 3887 437 3953 186,
459 3887 516 3953 18⁸,
539 3888 596 3941 191.

236 3976 259 4045 ⁸}
287 3974 383 4030 Schol.
404 3975 506 4031 Vener.
529 3975 612 4030 111111.
631 3975 696 4043 XV,
721 3978 767 4029 36:
799 3981 842 4029 διὰ
865 3982 942 4042 τριῶν
966 3981 995 4030 δᾶ
1020 3981 1052 4043 ἠν
1072 3981 1137 4043 ἔθος
1156 3981 1272 4044 epulum„

146 4068 185 4133 ὡς
207 4069 318 4133 Δράκων
342 4070 444 4132 irritu.
471 4097 502 4107 -
534 4066 641 4121 Pollux
661 4065 746 4135 VllI,
775 4066 836 4120 142:
868 4075 938 4134 τρεῖς
957 4071 1038 4135 θεοὺς
1056 4073 1148 4136 ὀμνύω.
1167 4072 1275 4127 κελεύει

146 4156 248 4217 usos.
