2850 4560
680 79 901 146 ..20-

318 273 370 356 37,
396 272 440 338 50
474 273 619 358 τέτταρα,
652 275 694 351 ὡς
722 278 835 359 ἔοικεν,
866 276 1014 362 ἠδίκησαι
1038 279 1184 344 τάλαντα.
1215 283 1275 345 ὑπὸ
1299 292 1352 345 τοῦ

387 391 496 465 ταῦτα,
520 383 581 446 ὑπὸ
604 392 657 446 τοῦ
682 383 802 447 οἰκέτου
826 385 871 466 νὴ
897 383 1032 474 [ww]
1058 384 1130 449 Δία
1153 396 1207 450 τοῦ
1233 387 1317 471 ἐμοῦ.

317 486 369 570 24,
396 487 457 551 121
495 491 598 573 οἴομαι
629 489 663 553 δὲ
694 489 732 572 νὴ
764 492 832 554 τὸν
860 489 931 553 Δία
958 493 1024 556 τὸν
1053 489 1352 577 Ὀλύμπιον

388 595 447 658 οὐκ
470 596 532 659 ἀπὸ
557 596 714 680 ταύμάτου
817 597 960 661 ἐπελθεῖν
984 597 1184 680 Ἀνδροτίωνι

432 700 463 784 4,
487 700 554 765 491
593 701 656 786 ἐγὼ
687 702 712 765 δ’
745 704 831 788 οἶμαι
862 704 917 788 μὲν
1026 704 1071 788 νὴ
1103 707 1197 782 τοὺς
1228 706 1352 783 θεοὺς

495 809 612 873 ἐκεῖνον
637 809 763 894 μεθύειν
786 860 841 876 ...

316 918 346 999 6,
371 916 438 980 31*
472 917 536 1002 ἐγὼ
568 918 613 1001 νὴ
645 921 740 996 τοὺς
767 919 891 995 θεοὺς
918 918 1049 1004 τάληθῆ
1074 923 1151 1004 μετὰ
1174 921 1351 1006 παρρησίας

387 1024 528 1106 ἐρῶ
1304 1014 1308 1029 “

319 1130 369 1212 19,
394 1129 464 1194 24*
494 1133 549 1196 καὶ
579 1130 624 1213 νὴ
657 1134 748 1208 τοὺς
779 1132 902 1208 θεοὺς
933 1132 1015 1208 εἰκός
1045 1153 1072 1196 τι
1103 1134 1218 1198 παθεῖν
1248 1137 1352 1220 ἔμοιγε

263 1307 267 1315 ,
388 1237 585 1302 δοκεῖτε

316 1343 369 1425 20,
396 1343 483 1407 11311
517 1345 580 1429 ἐγὼ
615 1345 641 1409 δ’
673 1346 699 1409 εἰ
728 1344 846 1409 πολλοῦ
877 1354 916 1430 πῖ)
947 1345 1035 1410 πόλει
1070 1345 1103 1412 Δ.
1139 1348 1222 1426 ἄξιον
1258 1350 1351 1413 αὑτὸν

386 1451 604 1549 παρέσχηκεν,
651 1451 693 1529 ὡς
727 1453 833 1536 ἔμοιγε
867 1452 952 1515 δοκεῖ
994 1452 1039 1536 νὴ
1079 1457 1173 1531 τοὺς
1212 1455 1351 1539 θεούς,

389 1556 509 1640 μᾶλλον
534 1558 571 1620 ἂν
594 1556 810 1642 παραινέσαιμι

316 1662 415 1744 21,2
454 1662 497 1740 ὡς
529 1666 584 1748 μὲν
615 1664 682 1748 ἐμοὶ
712 1664 810 1748 δοκεῖ,
845 1664 881 1728 δι’
913 1664 1151 1748 ἀμφότερα
1183 1666 1228 1749 νὴ
1259 1669 1351 1744 τοὺς

388 1770 512 1846 θεοὺς
536 1772 588 1833 καὶ
610 1770 694 1834 δεινὰ
716 1770 907 1835 πεπονθέναι
930 1771 1104 1856 νομίζοντες
1128 1773 1183 1857 ἐμὲ
1207 1823 1260 1837 ...

315 1877 415 1961 42,6
451 1880 531 1963 ἦσαν
560 1882 622 1964 γὰρ
654 1880 699 1962 νὴ
730 1883 822 1956 τοὺς
846 1880 969 1956 θεοὺς
992 1882 1061 1943 καὶ
1083 1883 1153 1958 τὰς
1177 1880 1293 1964 θεάς,
1325 1883 1350 1945 ὼ

389 1988 496 2071 ἄνδρες
520 1986 669 2071 δικαστα1,
692 1987 747 2051 δύο
771 1987 856 2064 ἅλως
880 1987 990 2053 αὐτόθι

432 2094 485 2177 26,
513 2095 553 2158 19
582 2094 665 2159 ἀλλὰ
687 2095 786 2159 ταῦτά
808 2115 844 2179 γε
868 2094 913 2178 νὴ
939 2094 1009 2177 τὴν
1034 2093 1211 2180 Ἀθηνᾶν
1235 2095 1351 2171 ὄνειδός

494 2201 574 2265 ἐστιν
678 2203 717 2266 τὰ
739 2201 906 2286 γιγνόμενα
929 2210 967 2286 ιη
991 2201 1158 2267 πόλει

316 2309 369 2392 25,
394 2308 435 2372 51
472 2310 605 2384 ἕκαστος
637 2311 668 2372 ἔν
695 2308 732 2393 γέ
756 2331 782 2373 π
805 2309 950 2391 πράττων
973 2313 1056 2374 κατά
1078 2311 1135 2392 τὴν
1159 2311 1277 2395 ἀγορὰν
1300 2332 1353 2375 πε-

388 2415 544 2501 ριέρχεται
575 2415 643 2498 ἤτοι
674 2414 719 2498 νὴ
751 2417 818 2480 τὸν
850 2413 1055 2497 Ἡρακλέα
1085 2425 1160 2480 τῶν
1191 2426 1302 2480 κοινῶν
1330 2417 1351 2500 ἣ

387 2532 449 2586 τῶν
473 2523 555 2588 ἰδίων

317 2629 368 2712 19,
393 2628 458 2694 262
493 2640 591 2695 ταῦτα
614 2631 698 2714 νὴῑ)
722 2631 793 2714 τὴν
817 2629 1030 2716 Δήμητρα,
1053 2631 1078 2695 εἰ
1101 2632 1146 2696 δεῖ
1169 2632 1211 2716 μὴ
1236 2631 1353 2716 ληρεῖν,

387 2737 549 2823 εὐλαβείας
572 2738 608 2801 οὐ
633 2748 746 2822 μικρᾶς
769 2738 872 2803 δεῖται.

429 2845 461 2927 8,
478 2844 521 2908 49
543 2845 673 2929 αἰσχρὸν
689 2846 744 2929 μὲν
761 2845 804 2927 νὴ
826 2847 886 2909 τὸν
902 2843 968 2908 Δία
987 2847 1050 2910 καῖ
1069 2846 1210 2921 πάντας
1231 2848 1351 2929 τοὺςῧ)

494 2953 618 3029 θεοὺς
642 2954 696 3016 καὶ
720 2951 842 3029 ἀνάξιον
865 2953 959 3035 ὑμῶν.

317 3057 368 3141 10,
393 3057 436 3121 25
472 3057 600 3142 αἰσχρὸν
625 3059 681 3144 μὲν
704 3058 749 3141 νὴ
777 3060 838 3122 τὸν
861 3056 926 3121 Δία
953 3061 1016 3122 καὶ
1038 3059 1214 3141 πάντας4)
1238 3059 1351 3135 θεοὺς

387 3165 510 3244 ἀνάξιον
534 3167 621 3251 ὑμῶν
644 3215 698 3231 ...

317 3273 367 3355 18,
395 3272 458 3337 129
482 3272 564 3336 ἀλλὰ
586 3272 631 3355 νὴ
658 3274 725 3337 τὸν
749 3272 820 3336 ,11α
842 3272 1095 3361 κα1[τοὺς5)]
1118 3275 1240 3350 θεοὺς
1264 3272 1350 3336 ὀκνῶ

386 3379 432 3464 μὴ’
453 3429 507 3444 ...
531 3379 566 3442 οὐ
586 3377 805 3463 προσήκοντας
829 3431 835 3444 .
854 3431 884 3446 ..
909 3379 990 3459 δόξαν
1006 3381 1212 3464 προῃρῆσθαι
1227 3379 1350 3464 λόγους.

317 3701 337 3773 1)
365 3699 495 3754 Bekker:
528 3704 573 3753 τόν
594 3716 649 3753 om.
668 3716 691 3753 r.
720 3729 754 3739 -
782 3697 920 3754 Dindorf:
948 3702 982 3766 νὴ
1001 3702 1049 3751 Δία
1066 3697 1094 3752 Α
1112 3696 1132 3751 S
1151 3697 1198 3770 (=
1217 3701 1249 3771 Σ)
1268 3718 1290 3754 r.
1314 3731 1348 3740 -

367 3788 413 3843 De
432 3788 488 3842 hoc
507 3787 571 3843 loco
590 3805 617 3843 v.
636 3787 721 3843 infra.

314 3881 338 3953 ¹)
365 3879 634 3948 νηΕΣΥτῖιιν,
654 3877 744 3933 ceteri
762 3882 807 3945 μά.

314 3970 337 4043 ⁸)
362 3973 424 4034 τοῖς
443 3986 499 4024 om.
519 3972 545 4022 Υ.

313 4059 337 4132 ⁴)
365 4063 468 4123 πάντας
486 4061 547 4123 τοὺς
566 4061 647 4123 θεούς
664 4061 718 4111 Ωιι
731 4075 758 4112 ν.

315 4150 337 4223 ⁵)
365 4151 427 4216 τοῖς
446 4165 501 4202 om.
520 4150 547 4201 Σ.
