2850 4560
540 153 611 204 ¹-
661 116 702 180 19
733 81 790 162 “-

207 315 259 397 39,
287 313 329 376 14
362 311 389 376 τί
418 312 538 397 μᾶλλον
567 314 657 387 ούτος
685 311 937 396 ἐγγεγραμμένος
965 312 1049 374 ἔσται
1077 311 1168 395 ἐμοῦ,
1199 310 1245 373 δτι

279 420 324 503 νὴ
349 418 420 483 Δία
443 423 576 484 εἴσονται
599 419 711 494 πάντες
735 471 742 484 .
762 470 794 484 ..
1039 485 1042 492 ,

153 609 157 617 ,
208 530 261 611 39,
286 529 328 592 32
364 528 409 611 νὴ
433 525 490 590 Δί’
515 526 593 609 ἀλλ’,
615 527 701 612 ύβρει
725 579 732 592 .
752 578 758 593 .
778 580 785 592 .
809 517 900 590 τοῦτο
924 525 1020 609 ἐτέθη
1045 546 1102 590 σοι.

207 635 261 718 40,
286 635 329 699 26
364 634 416 698 διά
445 633 473 697 τί
504 685 541 700 ..
566 686 573 698 .
605 632 732 709 τούτους
764 635 818 717 μὲν
854 634 912 696 οὐκ
947 634 1007 716 ἔφη
1043 633 1137 695 αὑτοῦ
1173 631 1244 706 υἱεῖς

279 742 357 806 εἶναι
381 763 456 823 ...;
488 741 534 803 δτι
557 739 602 822 νη
628 737 685 805 Δί’
711 739 753 816 ὡς
777 739 859 803 ούτοῖ
882 760 987 823 φασιν,
1018 738 1085 822 ἐμοὶ
1116 738 1244 821 χαριζό-

280 869 371 932 μενος
396 899 454 914 ...
480 846 604 923 τούτους
628 845 785 931 ἠτίμαζεν.

206 953 262 1036 40,
287 953 329 1016 32
354 953 399 1035 νὴ
425 952 482 1017 Δί’
508 953 682 1037 ἀπράγμων
706 952 767 1037 γάρ
792 975 834 1028 τις
857 956 932 1028 ἴσως
956 952 1035 1016 ἐστὶν
1060 953 1229 1034 άνθρωπος

206 1059 259 1142 41,
285 1059 327 1122 12
351 1061 404 1123 καὶ
426 1058 519 1142 φήσει
542 1059 643 1123 πάντα
667 1069 765 1123 ταῦτα
788 1059 838 1123 ὑπ’
855 1060 930 1144 ἐμοῦ
947 1059 1131 1134 πεισθέντας
1148 1080 1244 1121 κατα-

279 1167 475 1252 χαρίσασθαι
498 1169 552 1231 καὶ
575 1167 620 1250 νὴ
646 1167 702 1231 Δί’
728 1169 819 1250 έτερα
841 1167 968 1234 πολλὰ.
988 1220 995 1234 .
1015 1166 1234 1253 ,βλάπτεσθαι

207 1275 260 1357 42,
287 1276 306 1340 7
341 1274 430 1351 τέλος
539 1274 741 1359 καταστήσας
771 1276 935 1359 φυλάττειν
966 1275 1054 1339 ἔνδον
1080 1278 1164 1350 τινάς
1192 1278 1245 1339 καὶ

279 1382 325 1464 νη
350 1380 407 1446 Δί’
433 1382 656 1448 ἀπειπὼν
684 1381 733 1466 μὴ
758 1381 877 1466 ἐξάγειν
900 1382 957 1464 τὴν
980 1381 1058 1466 ύλην

206 1487 259 1570 44,
285 1489 328 1551 33
351 1490 435 1550 κατά
454 1497 541 1550 ποῖον
561 1486 657 1571 νόμον
677 1497 814 1570 φανεῖται
839 1539 870 1553 ..
890 1539 897 1554 .
922 1485 1005 1572 ἡμᾶς
1025 1487 1188 1572 ἐξαγαγὼν
1207 1489 1244 1552 ἐκ

279 1604 335 1678 της
351 1595 470 1678 οὐσίαςς
494 1597 540 1659 ύτι
561 1596 602 1678 νὴ
624 1594 690 1658 Δία
710 1595 831 1677 πατὴρ
848 1595 887 1678 ην
903 1605 956 1658 τοῦ
975 1595 1242 1680 τετελευτηκότος.

205 1701 259 1784 44,
284 1701 328 1767 50
361 1711 429 1778 πῶς
459 1704 503 1767 ἔτι
534 1724 581 1766 σοι
612 1702 705 1785 κύρια
736 1702 819 1766 ταῦτ’
849 1703 886 1766 ἂν
917 1705 965 1787 εἴη
991 1726 1066 1786 ...3
1097 1701 1166 1768 Ὅτι
1197 1705 1242 1787 νὴ

278 1806 336 1871 Δί’
362 1808 572 1893 ἐγγέγραπται
596 1807 748 1892 Ἀρχιάδῃ
772 1808 846 1885 υἴύς.
1321 1892 1323 1897 Α

206 1914 259 1998 44,
285 1914 328 2002 55
360 1915 420 1979 εἴθ’
438 1917 523 2000 ὑμεῖς
541 1967 548 1982 .
567 1968 574 1981 .
593 1967 600 1982 .
617 1915 794 1980 πιστεύσετε
819 1968 851 1982 ..
872 1939 893 1998 ,ς
917 1916 962 1999 νη
988 1915 1054 2000 Δί’,
1079 1916 1147 1981 ἀλλ’
1165 1919 1244 2003 άκη-

277 2024 362 2098 κοὼς
385 2033 440 2086 τοῦ
465 2023 559 2088 αὑτοῦ
583 2025 699 2106 πατρὸς
723 2023 1023 2109 διαμεμαρτύρηκεν.

206 2128 260 2212 44,
285 2128 327 2192 55
364 2129 463 2192 διὰτί
572 2131 674 2194 οὑτοσὶ
697 2131 756 2215 οὐχ
780 2131 873 2194 αὑτὸν
898 2182 956 2198 ...
982 2131 1180 2216 ἐπεγράψατο
1205 2142 1243 2218 τη

202 2273 204 2276 -
277 2237 494 2322 διαμαρτυρίας
524 2289 584 2304 ...
614 2239 659 2303 ὅτι
683 2237 728 2320 νὴ
753 2236 819 2321 Δί’,
844 2239 880 2302 ἂν
904 2240 995 2323 εἴποι,
1026 2248 1132 2302 τοῦτον
1156 2238 1242 2328 [γάρ]

277 2343 477 2430 εἴςιτεποῖηκα
500 2346 565 2409 υἱὸν
587 2355 632 2430 τῷ
657 2345 818 2431 Ἀρχιάδη.

205 2451 260 2535 45,
275 2453 315 2516 11
333 2463 386 2517 τοῦ
399 2476 442 2529 τις
456 2454 493 2518 ἂν
505 2456 621 2542 εἴνεκεν
633 2455 762 2539 ἔφευγεν
776 2454 906 2539 ἀνοίγειν
918 2457 953 2518 τὸ
965 2464 1191 2540 γραμματεῖονς
1208 2456 1243 2520 ἵν’

278 2558 298 2642 ἡ
317 2558 460 2645 διαθήκη
477 2560 518 2643 νη
536 2559 601 2624 Δία
618 2560 660 2645 μη
677 2563 797 2643 φανερὰ
808 2559 927 2645 γένοιτο
939 2571 1002 2637 τοῖς
1014 2561 1172 2638 δικασταῖς
1190 2616 1196 2630 .
1212 2616 1241 2630 ..

205 2667 259 2750 49,
285 2667 329 2732 64
360 2667 442 2731 ἀλλά
470 2668 515 2750 νη
539 2666 625 2758 Δία,
649 2665 740 2751 φησει
762 2669 852 2751 ἴσως,
876 2668 937 2732 ἔδει
960 2670 1012 2731 τὸν
1036 2668 1158 2752 πατέρα
1182 2724 1188 2735 .
1208 2723 1241 2737 ..

278 2776 415 2838 ἀπαιτεῖν
440 2775 532 2838 αὐτὸν
556 2777 611 2850 τάς
634 2773 756 2856 φιάλας.

206 2879 259 2965 52,
284 2882 327 2945 26
363 2882 445 2946 ἀλλὰ
468 2881 514 2964 νὴ
540 2880 625 2965 Δία,
655 2883 730 2957 ἴσως
755 2883 792 2945 ἂν
817 2885 908 2966 εἴποι,
940 2882 1100 2966 ἐκέρδαινέ
1130 2907 1240 2951 τι...

278 2988 423 3074 ύπατηρ

206 3096 269 3180 54,
284 3097 328 3161 34
362 3097 445 3162 ἀλλά
467 3098 512 3181 νη
538 3097 608 3162 Δία
632 3099 691 3161 ούκ
714 3099 768 3161 εἴσὶ
790 3107 931 3164 τοιοῦτοι.

205 3203 258 3286 55,
284 3204 304 3268 6
328 3206 382 3268 καὶ
415 3204 459 3287 νὴ
485 3202 543 3268 Δί’
568 3204 711 3283 ἐπιδεῖξαί
734 3227 769 3268 σε
792 3205 853 3269 ἔδει
878 3257 936 3272 ...

205 3310 259 3394 55,
286 3312 327 3377 17
362 3314 467 3376 ἔπειτα
490 3312 533 3389 τίς
558 3313 595 3376 ἂν
619 3313 705 3397 ὑγιῶν
728 3313 780 3377 εἶτ’
805 3313 838 3377 ἐν
863 3314 951 3398 ἀγρῷ
982 3312 1026 3395 νὴ
1052 3311 1094 3376 Δῖ
1102 3313 1108 3342 ’
1133 3314 1185 3376 εἴτ’
1210 3315 1241 3379 ἐν

277 3421 362 3483 ἄστει
472 3417 582 3499 δέξαιτ’
607 3419 643 3481 άν
669 3443 744 3502 ...3

205 3523 257 3608 58,
283 3525 326 3589 64
350 3577 357 3592 .
377 3577 410 3591 ..
435 3527 506 3601 τοὺς
530 3524 711 3602 ἀδικοῦντας
734 3525 776 3608 νη
803 3524 853 3589 Δί’
878 3528 962 3590 ούτοι
985 3525 1155 3606 κολάζουσι
1179 3580 1238 3595 ...

205 3629 320 3696 exoxd.
345 3631 388 3695 35
412 3631 475 3696 sub
499 3629 557 3695 fin.
594 3632 656 3716 ἐγὼ
681 3632 726 3715 νη
750 3631 808 3697 Δί’
832 3634 905 3716 ἐρῶ.

205 3738 302 3823 epist.
327 3738 349 3802 4
371 3761 404 3825 p.
431 3739 526 3822 1488,
553 3739 593 3802 11
631 3739 713 3803 ἀλλά
736 3741 780 3823 νὴ
808 3740 878 3805 Δία
900 3741 1017 3806 τούτων
1041 3744 1095 3826 μὲν
1119 3745 1240 3829 άμεινον

274 3845 354 3929 ὑμᾶς
377 3846 522 3929 πράττειν
547 3847 687 3922 ἅπαντας
711 3846 937 3933 ὁμολογήσουσι
962 3900 1021 3916 ...

320 3953 351 4036 9,
377 3955 420 4018 68
443 3956 496 4018 καὶ
512 3954 574 4039 μην
595 3953 695 4018 ἐκεῖνά
711 3976 748 4040 γε
764 3955 902 4041 αἰσχράν,
919 3957 1047 4040 ύστεράν
1062 3957 1129 4021 ποτ’
1147 3958 1239 4023 εἰπεῖν

385 4061 496 4143 ...νη
512 4061 608 4143 τδνῖ)
625 4059 701 4145 Δία,
722 4062 784 4126 ἔδει
799 4064 860 4147 γάρ
875 4066 911 4127 τὸ
927 4065 1030 4128 καὶτὸ
1046 4072 1238 4147 ποιῆσαι...

206 4200 422 4272 θώωά
