2850 4560
598 128 819 194 ..59-

147 325 223 400 Quo
248 324 284 388 in
307 346 449 389 numero
474 330 525 388 ost
548 328 579 406 8,
605 326 665 389 32τ
699 327 793 388 αἴτιον
822 325 856 388 δὲ
885 325 1001 388 τούτων
1031 325 1096 406 (καί
1121 347 1171 409 μοι
1194 327 1272 408 πρὸς

147 433 244 514 θεῶν,
276 433 350 495 ὅταν
375 434 467 496 ἕνεκα
490 442 543 494 τοῦ
569 431 726 517 βελτίστου
756 430 852 516 λέγω,
884 433 965 495 ἔστω
992 431 1164 515 παρρησία)
1198 481 1204 496 .
1232 487 1237 498 .
1264 481 1271 497 .

147 536 328 601 Praeterea
355 539 410 618 18,
442 537 520 619 199,
545 537 610 603 2736
649 576 683 587 -
718 537 776 619 20,
803 535 858 618 74,
886 536 948 601 102
982 575 1020 585 -
1054 537 1111 620 57,
1137 539 1193 621 ὗο,
1218 539 1272 604 69.

146 642 212 705 His
248 643 406 708 omnibus
442 643 524 707 locis
560 629 710 728 incipere
742 643 837 706 illam
869 641 1017 726 figuram
1050 665 1070 708 a
1105 644 1273 729 particula

147 750 214 831 (καί
238 772 296 835 μοι,
319 751 373 815 καί
398 755 470 836 μου)
495 749 735 815 animadverti.

235 858 304 921 Pro
329 858 403 943 ipsa
427 857 701 943 praemunitione
726 879 781 922 eas
805 858 970 922 formulas
994 857 1176 922 collocatas
1200 880 1273 922 esse

147 965 304 1029 videmus
321 966 376 1029 his
393 965 490 1030 locis:
518 968 546 1047 1,
573 967 614 1029 15
637 968 715 1048 πρὸς
738 967 832 1049 θεῶν,
855 965 899 1042 τίς
923 968 1021 1041 οὕτως
1045 964 1170 1050 εὐήθης
1194 966 1274 1030 ἐστίν

148 1075 248 1158 ὑμῶν,
281 1076 444 1149 ὅστις...
469 1113 508 1120 -
544 1074 599 1156 18,
628 1073 691 1137 120
715 1073 899 1156 ἀλλὰπρὸς
923 1074 1021 1155 θεῶν,
1052 1075 1132 1136 οὕτω
1164 1074 1274 1149 σκαιὸς

148 1181 176 1242 εί
199 1183 253 1243 καὶ
277 1179 478 1264 ἀναίσθητος,
503 1179 649 1263 Αἰσχίνη,
674 1181 753 1243 ὥστε

500 1375 560 1438 De
591 1373 784 1439 formula
816 1376 921 1440 ὡ...

237 1499 303 1564 His
339 1498 646 1565 exclamationibus
686 1499 730 1563 ad
769 1498 959 1563 orationem
999 1497 1273 1584 amplificandam

147 1605 235 1672 nihil
267 1606 405 1689 fortine,
439 1606 527 1670 nihil
559 1606 727 1671 efficacius
760 1606 955 1691 excogitare
987 1606 1108 1691 possis
1163 1605 1273 1682 Quos·

148 1738 282 1800 cunque
305 1715 397 1779 enim
420 1736 473 1777 res
497 1735 588 1778 nova
611 1712 782 1796 inaudita,
812 1713 978 1779 inusitata
1002 1714 1123 1779 acerba
1146 1713 1274 1778 excitat

148 1821 256 1887 animi
272 1828 396 1903 motus,
421 1819 529 1884 veluti
550 1821 638 1885 iram
663 1827 801 1903 metum,
826 1819 978 1884 dolorem
995 1819 1272 1885 admirationem:

148 1927 363 1994 haecomnia
384 1926 447 1991 tali
463 1927 605 1991 deorum
626 1928 844 1992 invocatione
865 1926 1038 1992 effundere
1058 1928 1148 1994 lieet.
1197 1928 1273 2005 Quo

147 2037 201 2119 fit,
233 2043 272 2100 ut
304 2034 471 2099 eiusmodi
502 2034 727 2101 formularum
762 2035 817 2098 vis
853 2042 887 2099 et
920 2057 1002 2100 usus
1034 2035 1192 2101 maxime,
1213 2057 1273 2101 va-

149 2144 222 2209 rius
246 2143 301 2206 sit.

239 2250 290 2314 Ac
306 2235 456 2335 primum
477 2271 539 2336 pro
556 2250 648 2314 veris
665 2250 868 2314 iuramentis
884 2251 1044 2317 collocari
1060 2257 1215 2336 possunt,
1236 2254 1275 2314 ut

149 2355 241 2443 apud
264 2358 361 2421 Dem.
389 2356 440 2438 19,
468 2356 508 2419 15
532 2357 657 2420 πολλῶν
678 2357 788 2441 ἀξίους,
812 2359 837 2422 ὡ
862 2357 921 2422 Ζεῦ
946 2361 1000 2421 καί
1023 2358 1102 2441 θεοί,
1126 2358 1274 2421 θανάτων

148 2465 268 2549 λόγους.
321 2462 458 2528 Pariter
484 2464 538 2545 18,
566 2463 630 2527 158
659 2503 699 2510 -
731 2464 786 2547 19,
811 2465 874 2527 311
908 2491 949 2513 -⁴-
981 2465 1038 2547 20,
1063 2465 1141 2529 96·
1171 2463 1274 2550 Apud

149 2571 366 2636 Aeschinem:
392 2593 442 2656 ep.
463 2573 513 2653 12,
539 2573 559 2634 3
583 2572 789 2656 δικαιοτάτην,
814 2573 935 2656 ὡθεοί,
958 2571 1092 2658 γραφήν.
1111 2611 1151 2619 --
1169 2573 1273 2636 Prae·

150 2683 242 2742 terea
267 2680 296 2760 3,
322 2678 396 2742 260.

239 2785 311 2849 Nec
334 2784 447 2849 minus
479 2806 540 2870 pro
572 2785 672 2848 iustis
697 2785 855 2869 precibus
884 2792 1075 2871 ponuntur,
1101 2785 1200 2871 ‘quod
1224 2793 1276 2852 est

149 2891 241 2977 apud
266 2892 362 2956 Dem.
388 2892 417 2972 6,
443 2892 486 2955 37
510 2891 665 2956 ταῦτ’...
691 2892 733 2975 μη
757 2891 883 2976 γίνοιτο,
907 2894 933 2956 ὡ
957 2892 1070 2970 πάντες
1094 2892 1173 2959 θεοί.
1208 2894 1274 2958 Pa·

149 2997 234 3062 riter
257 3001 288 3078 e,
314 2998 356 3061 76
385 3036 418 3045 -
449 2997 499 3080 18,
525 2997 591 3060 324
614 3036 656 3044 -
682 2997 734 3078 20,
762 2999 825 3062 167
852 3035 890 3046 -
916 2998 968 3079 32,
994 2999 1046 3064 23.
1106 2998 1275 3064 Similiter

149 3102 242 3190 apud
266 3103 346 3166 Din.
374 3105 403 3185 1,
428 3104 480 3167 36.
1276 3184 1279 3189 ¹

239 3210 435 3276 Admiratio
468 3210 652 3274 acerrimae
684 3210 837 3275 irrisioni
861 3209 1023 3276 adiuncta
1047 3212 1164 3276 subest
1195 3211 1275 3277 huic

148 3318 222 3384 loco
255 3317 346 3403 apud
380 3317 478 3380 Dein.
514 3316 569 3398 10,
604 3317 667 3380 113
703 3319 794 3393 αὐτὸς
827 3319 869 3381 ὢν
972 3319 1149 3404 θαυμάσιος
1182 3341 1275 3402 στρα·

150 3427 275 3511 τιώτης,
299 3427 324 3489 τί)
348 3425 416 3489 Ζεῦ.

241 3533 321 3598 Sola
338 3531 521 3597 admiratio
538 3531 628 3595 inest
644 3531 680 3594 in
701 3531 765 3596 hac
780 3532 1027 3596 exclamatione
1044 3531 1136 3618 apud
1152 3528 1273 3597 Aesch.

152 3642 180 3720 1,
204 3640 261 3704 49:
291 3644 340 3704 ίνα
364 3642 406 3726 μὴ
432 3640 577 3724 ἐξαίφνης
602 3640 694 3703 αὐτὸν
717 3640 831 3717 ἰδόντες
851 3640 1040 3725 θαυμάσητε
1063 3642 1116 3703 καὶ
1139 3641 1275 3705 τοιοῦτόν

151 3771 177 3812 τι
200 3757 238 3832 τη
263 3748 382 3832 διανοίᾳ
405 3748 591 3833 ὑπολάβητε,
616 3748 641 3810 ὡ
666 3747 874 3830 Ἥράαλειςῤ)
900 3748 968 3811 ἀλλ’
993 3749 1082 3825 οδτάς
1104 3770 1141 3834 γε
1165 3748 1273 3814 τούτου

150 3856 185 3917 οὐ
209 3855 288 3918 πολὺ
313 3854 458 3936 διαφέρει.

150 4057 246 4064 —---
266 4057 290 4062 ...-

243 4194 262 4266 ¹)
290 4192 415 4249 Plotius
440 4211 467 4268 p.
487 4193 521 4250 63
549 4196 703 4264 Ἡράκλεις·
729 4179 884 4265 ἐπίφθεγμα
902 4198 1094 4267 θαυμαστικόν,
1136 4191 1139 4197 ’
