2850 4560
538 48 817 112 ...30„.

144 243 242 307 Dem.
276 242 333 324 25,
371 242 411 306 51
445 248 478 306 et
512 243 567 324 18,
600 242 666 305 294
701 243 751 326 (νὴ
783 245 836 307 τὸν
868 243 1030 327 Ἡρακλέα
1065 247 1118 307 καὶ
1153 244 1274 320 πάντας

145 349 262 431 θεοὺς).

233 455 448 520 Exclamatio
473 457 498 519 ὠ
516 455 682 538 Ἡράκλεις
703 479 806 540 quam
833 457 1019 520 oratoriam
1039 457 1111 521 vim
1136 456 1273 539 habeat,

143 569 262 648 postea
278 561 580 626 demonstrabitur.
616 561 796 625 Eiusmodi
809 563 1115 628 exclamationibus
1127 584 1209 626 usus
1222 569 1276 626 est

144 669 393 737 Demosthenes
418 671 448 751 9,
474 671 615 752 31-19,
641 671 804 753 soe-21,
830 672 886 750 663
918 671 1000 735 Din.
1027 673 1056 753 1,
1083 672 1115 752 7,
1148 670 1272 736 Aesch.

146 779 175 860 1,
199 777 243 840 49
267 784 301 840 et
324 779 354 858 3,
380 777 432 839 21.

235 881 418 947 Adrasteia
443 881 590 966 denique
615 921 655 929 ---
681 882 883 967 designatur
907 889 1022 947 autem
1046 883 1111 948 hoc
1133 883 1274 948 nomine

147 991 274 1075 Cybele
305 990 378 1054 sive
407 991 536 1074 Magna
565 997 673 1054 mator
710 1030 745 1038 -
781 1013 867 1075 quae
892 990 1008 1055 eadem
1033 1014 1095 1077 pro
1120 991 1195 1078 ipsa
1220 992 1274 1056 iu-

147 1099 264 1162 stitiae
306 1098 369 1163 dea
411 1098 652 1180 habebatur‚¹)
692 1099 736 1162 ab
775 1097 897 1162 inflato
933 1099 993 1162 illo
1028 1098 1273 1164 Demosthenis

145 1204 319 1269 imitatore
331 1206 356 1286 2)
380 1203 584 1289 imploratur
608 1204 645 1267 in
669 1225 716 1268 or.
742 1205 794 1286 25,
821 1205 873 1269 37.

237 1314 338 1377 Ceres
374 1319 407 1375 et
438 1311 645 1396 Proserpina
681 1310 777 1393 deae⁷
815 1312 950 1376 etiamsi
984 1334 1055 1376 non
1089 1311 1274 1376 manifesto

146 1419 380 1502 nominantur,
414 1428 527 1482 tamen
552 1417 796 1502 intelligendae
821 1418 961 1482 suntin
993 1418 1056 1483 hoe
1080 1419 1274 1483 iuramento

144 1526 236 1612 apud
266 1524 480 1590 Andocidem
513 1526 546 1606 1,
583 1525 642 1587 32:
690 1524 845 1608 Νομίοατε
875 1525 975 1588 τοίνυν
1008 1525 1152 1611 ἀσέβημα
1184 1527 1274 1589 οὐδὲν

62 1700 67 1710 ,
144 1637 272 1700 ἔλαττον
304 1637 380 1698 εἶναι
410 1637 481 1710 τοὺς
513 1635 610 1719 μηδὲν
642 1632 837 1718 ἠδικηκότας
872 1633 991 1718 ἀσεβεῖν
1023 1643 1221 1719 καταγνῶναι
1252 1634 1273 1717 ἡ

145 1745 216 1818 τοὺς
240 1741 438 1828 ἠσεβηκότας
463 1741 506 1826 μὴ
530 1742 749 1825 τιμωρεῖσθαι·
779 1739 849 1803 ὥστ’
874 1739 937 1823 ἐγὼ
961 1740 1041 1802 πολὺ
1067 1740 1187 1824 μᾶλλον
1210 1750 1273 1803 τῶν

144 1849 330 1935 κατηγόρων
360 1850 437 1931 πρὸς
467 1857 531 1910 τοῖν
564 1850 648 1910 θεοῖν
680 1845 874 1929 ἐπισκήπτω,
910 1846 987 1929 ὑπὲρ
1017 1868 1051 1909 τε
1081 1856 1143 1908 τῶν
1174 1847 1274 1929 ἱερῶν,

146 1957 279 2019 deitate
299 1958 352 2018 καὶ
374 1956 451 2037 ὑπὲρ
471 1964 532 2018 τῶν
552 1951 724 2036 Ἑλλήνων,
748 1954 776 2015 οἳ
799 1961 855 2034 τῆς
875 1952 985 2035 ἑορτῆς
1005 1954 1110 2016 ἕνεκεν
1130 1955 1273 2036 ἔρχονται

145 2064 251 2146 δεῦρο·
285 2063 310 2126 εἰ
342 2062 397 2146 μέν
428 2084 455 2124 τι
486 2061 633 2147 ἠσέβηκα
743 2059 947 2123 ἀποκτείνατέ
972 2081 1018 2143 με.
1074 2061 1168 2124 Haec
1192 2081 1273 2124 eon-

144 2169 283 2233 testatio
308 2191 375 2253 quo
400 2176 538 2254 spectet,
563 2167 724 2252 quoniam
749 2167 789 2231 de
818 2167 993 2253 mysteriis
1018 2167 1128 2232 oratio
1152 2167 1273 2233 habita

144 2285 205 2358 est,
230 2300 265 2341 re
290 2277 365 2362 ipsa
389 2277 472 2340 satis
497 2282 648 2361 apparot.

234 2383 349 2447 Etiam
369 2382 477 2446 furias
498 2403 682 2465 earumque
703 2380 817 2444 sedem
838 2403 908 2445 una
929 2403 1005 2444 eum
1026 2380 1102 2444 aliis
1120 2381 1273 2445 numini-

145 2490 209 2552 bus
233 2489 426 2552 iuramento
451 2487 659 2572 grauissimo
682 2510 701 2551 a
722 2486 896 2552 Dinareho
919 2487 955 2550 in
977 2487 1130 2551 oratione
1152 2495 1273 2553 eontra

148 2594 414 2659 Demosthenem
439 2598 482 2677 (1,
505 2595 561 2673 ‹34›
587 2594 740 2659 invocari
764 2617 868 2679 supra
891 2593 1129 2678 eognovimus.

235 2700 349 2764 Tellus
384 2722 518 2784 quoque
554 2700 626 2764 deis
662 2701 845 2765 coniuncta
884 2702 922 2782 (ιῖ)
958 2710 1000 2786 γῆ
1033 2704 1088 2764 καὶ
1120 2702 1200 2775 teci,
1235 2701 1272 2766 in

145 2806 450 2871 exclamationibus
486 2806 690 2892 imploratur
722 2831 742 2871 a
776 2805 1020 2889 Demosthene,
1057 2830 1142 2891 (pros
1178 2808 1272 2872 locos

147 2936 251 3001 supra
276 2915 443 3000 inspicere
467 2914 591 2995 linctu
646 2914 823 2979 Accedunt
846 2914 913 2979 (luo
937 2916 1065 2979 similes
1090 2917 1155 2979 loci
1180 2917 1272 3002 apud

145 3021 364 3101 Aesehimnm
397 3020 457 3083 ubi
489 3020 577 3085 hane
608 3021 890 3086 exclamationem
922 3030 1056 3087 anetam
1085 3029 1119 3086 et
1149 3023 1272 3109 ampli-

145 3131 280 3193 ficatam
312 3127 481 3191 videmus:
518 3131 552 3209 3,
587 3129 650 3192 117
687 3130 776 3214 ὠγῆ
807 3133 860 3193 καὶ
884 3132 953 3194 beel
976 3132 1029 3193 καὶ
1052 3131 1194 3215 δαίμονες
1218 3134 1272 3194 καὶ

146 3236 317 3317 ἄνθρωποι,
337 3235 404 3297 ὅσοι
424 3234 576 3319 βούλεσθε
597 3235 720 3297 ἀκούειν
741 3236 880 3319 τάληθῆ.
920 3235 1098 3319 insignior
1114 3233 1197 3298 haee
1213 3258 1270 3299 ex-

145 3341 319 3407 clamatio:
344 3342 374 3421 a,
399 3340 465 3403 260
488 3339 573 3426 Ἐγὼ
599 3343 653 3425 μὲν
677 3343 739 3423 οὖν,
763 3344 788 3405 ὠ
810 3351 850 3426 γῇ
874 3346 927 3406 καὶ
945 3343 1015 3425 ἥλιε
1035 3345 1089 3406 καὶ
1106 3343 1199 3426 ἀρετὴ
1216 3348 1271 3408 καὶ

145 3447 263 3522 οόνεοις
279 3449 334 3510 καὶ
353 3447 487 3528 παιέεία,
511 3449 531 3532 γ’,
557 3449 822 3534 διαγιγνώσκομεν
841 3452 880 3512 τὰ
904 3450 989 3513 καλὰ
1009 3451 1062 3512 καὶ
1084 3452 1122 3512 τὰ
1146 3451 1270 3535 αἰσχρά,

146 3552 334 3641 βεβοήθηκα
355 3555 409 3616 καὶ
430 3555 552 3637 εἴρηκα.
600 3552 655 3617 Ad
680 3553 771 3619 hunc
796 3555 905 3619 locum
923 3553 1137 3638 Weidner⁴):
1170 3557 1269 3639 „l'ir-

145 3668 201 3725 tus
230 3668 264 3723 et
287 3659 478 3724 Prudentia
505 3670 539 3724 et
566 3660 759 3748 Disciplina
787 3662 996 3748 appellatur,
1028 3670 1067 3726 ut
1098 3662 1269 3729 iudicibus

238 3839 257 3909 ¹)
285 3835 398 3891 Preller
416 3836 430 3889 l
449 3837 503 3891 333
522 3855 584 3908 squ.

236 3931 258 3993 ')
286 3925 329 3978 De
350 3924 556 3980 honoratione
622 3925 707 3980 infra.

235 4016 257 4082 ³)
285 4013 329 4067 De
349 4013 477 4068 oratoria
495 4014 524 4069 vi
544 4013 686 4069 eiusmodi
705 4015 950 4070 exclamationum
969 4035 996 4070 ν.
1016 4017 1102 4072 infra.

234 4104 257 4175 ⁴)
284 4102 318 4155 A.
338 4102 485 4161 Weidner.
506 4103 659 4158 Aeschinis
678 4103 706 4158 in
728 4103 856 4177 ctesiph.
876 4105 977 4173 oratio,
998 4106 1114 4180 Lipsiae
1136 4108 1212 4162 lew.
