2850 4560
600 90 820 155 ,32.ὰ

60 274 63 281 ’
146 287 281 371 ὑπάρξαι
305 310 355 372 pot
378 287 450 370 παρ’
475 289 562 372 ὑμῶν
591 288 631 363 εἰς
655 285 774 352 τουτονὶ
796 289 849 350 τὸν
875 289 984 373 ἀγῶνα
1117 288 1237 353 Simile
1252 292 1275 372 ¹)

146 391 325 457 exordium
346 392 492 477 legimus
514 393 605 479 apud
622 395 823 478 Lycurgum
844 401 964 459 contra
982 395 1182 460 Leccretem
1204 402 1223 476 ξ
1244 398 1273 461 1.

236 501 312 565 Iam
327 522 410 564 vero
432 501 693 584 exsecrationes
719 501 845 587 quippe
867 525 953 586 quae
976 525 1017 567 ex
1039 503 1154 567 animo
1171 503 1274 567 valde

146 606 316 672 concitato
340 615 508 690 emanent,
533 631 692 694 perrarae
716 616 797 672 sunt
820 615 922 693 atque
947 609 1011 674 hae
1035 610 1274 675 tantummodo

146 712 238 799 apud
261 712 528 778 Demosthenem
552 712 778 779 inveniuntur
802 722 932 800 septem
955 715 1038 779 locis
1064 715 1117 796 (cf.
1144 722 1272 801 snpra).

235 820 278 884 In
298 819 448 905 propriis
470 829 584 884 autem
602 820 741 885 iurandi
756 820 913 884 formulis
927 861 968 868 —
986 826 1035 886 rad
1052 827 1095 908 μὰ
1107 823 1190 906 (Δία)
1202 844 1274 886 555

145 935 331 1013 usurpatur
358 927 427 991 nisi
455 928 498 992 ab
530 928 627 992 Isaeo
656 928 767 993 tribus
795 928 878 992 15515
911 929 947 993 15
976 929 1093 994 eadem
1118 930 1274 994 oratione

146 1035 180 1117 3,
206 1034 262 1117 25,
288 1034 345 1115 39,
370 1034 424 1098 40.
479 1035 661 1098 Praeterea
693 1035 884 1099 iuramenta
913 1036 1080 1100 vocabulo
1110 1037 1153 1121 μά
1181 1057 1274 1100 com-

145 1140 258 1225 posita
274 1139 469 1205 communia
485 1147 566 1204 sunt
582 1141 680 1225 Isaei,
705 1141 841 1226 Lysiae,
867 1139 1045 1225 Dinarchi,
1071 1141 1273 1228 Hyperidis

145 1244 337 1329 Aeschinis,
362 1245 616 1312 Demosthenis,

235 1352 287 1418 Ac
307 1352 511 1417 brevissima
531 1351 680 1418 formula
703 1357 746 1438 μοὶ
767 1352 824 1417 Δία
845 1375 927 1418 5555
949 1363 1000 1419 est
1022 1355 1138 1419 Isaeus
1160 1355 1274 1420 tribus

146 1459 276 1542 155154,
294 1459 456 1524 2051515
475 1461 525 1542 11,
544 1461 600 1540 35,
625 1459 821 1524 Dinarchus
838 1460 972 1525 dnobus
993 1461 1076 1525 locis
1095 1463 1124 1544 1,
1141 1462 1194 1543 40,
1214 1462 1273 1543 775

145 1568 341 1654 Hyperides
364 1568 468 1632 semel
492 1567 529 1632 in
553 1589 600 1633 or.
626 1589 687 1653 pro
711 1569 843 1634 Euxen.
869 1574 888 1649 ξ
913 1569 969 1650 20,
996 1570 1050 1650 15;
1080 1568 1273 1634 Aeschines

146 1677 278 1741 duobus
302 1676 386 1740 locis
411 1676 440 1759 1,
466 1677 506 1740 61
532 1682 567 1740 et
590 1676 688 1762 epist.
716 1677 766 1757 12,
793 1677 825 1756 1;
850 1677 1098 1742 Demosthenes
1123 1676 1272 1762 deniqne

144 1781 307 1848 tredecim
330 1782 423 1866 locis,
448 1803 532 1867 quos
556 1783 635 1847 licet
658 1805 762 1870 snpra
785 1783 962 1869 inspicere.

233 1889 288 1953 Μὰ
310 1891 362 1953 τὸν
386 1889 442 1953 Δία
467 1911 544 1954 cnm
567 1889 713 1954 articulo
736 1897 883 1976 usurpat
903 1891 1028 1975 Lysias
1052 1891 1163 1956 tribus
1187 1892 1273 1957 locis

146 1997 298 2062 eiusdem
310 2007 395 2063 erut.
410 1999 440 2080 6,
456 1999 485 2080 7,
500 2000 552 2080 32,
567 2001 623 2078 38;
636 2003 661 2079 ²)
685 1997 872 2062 Aeschines
884 2020 954 2062 nno
967 1999 1041 2063 1555
1055 2000 1153 2084 epist.
1169 2000 1221 2082 12,
1236 2002 1272 2081 0;

146 2105 393 2170 Demosthenes
417 2113 578 2190 quattuor
603 2106 685 2170 locis
710 2106 762 2189 24,
790 2107 854 2170 125
882 2144 920 2154 -
945 2107 999 2190 40,
1024 2107 1129 2171 57-
1153 2108 1205 2190 57,
1228 2109 1272 2171 52

149 2249 189 2261 -
214 2212 267 2295 58,
293 2213 345 2278 36.

235 2319 389 2385 Eandem
410 2319 594 2384 formulam
611 2323 655 2405 μὰ
671 2323 722 2384 τὸν
739 2319 795 2384 Δία
811 2320 926 2404 alique
948 2320 1119 2385 adiectivo
1136 2329 1273 2386 auctam

144 2427 248 2493 habet
268 2427 465 2512 Aeschines,
491 2434 529 2492 ut
554 2432 597 2514 μὰ
620 2431 673 2492 τὸν
697 2427 753 2492 Δία
775 2431 828 2492 τὸν
845 2427 1014 2513 Ὀλύμπιον
1038 2429 1149 2495 tribus
1173 2430 1272 2496 locis:

148 2538 177 2618 l,
209 2535 262 2617 55,
296 2536 337 2600 76
366 2573 407 2586 -
438 2538 468 2619 3,
493 2536 572 2615 255,
608 2534 856 2599 Demosthenes
888 2539 932 2620 μὰ
963 2538 1015 2598 τὸν
1048 2536 1104 2600 Δία
1135 2539 1187 2600 τὸν
1219 2538 1274 2622 μὲ-

145 2664 260 2728 ractor:
283 2643 337 2726 48,
363 2645 393 2708 2.

234 2750 310 2815 Η55
337 2751 411 2816 1555
435 2751 515 2835 quia
543 2749 769 2836 simpliciores
798 2751 979 2835 formulae,
1012 2774 1098 2836 quae
1131 2751 1271 2836 quidem

145 2856 290 2921 articulo
322 2864 382 2921 aut
409 2857 487 2921 aliis
512 2856 688 2922 vocabulis
717 2856 958 2939 extendantur,
991 2859 1185 2923 accuratius
1217 2858 1272 2924 in·

144 2964 339 3051 spiciendac
370 2973 464 3047 sunt,
497 2987 518 3029 a
548 2988 585 3029 re
617 2986 685 3030 non
715 2964 864 3029 alienum
889 2986 961 3029 esse
985 2964 1136 3049 videtur,
1168 2965 1273 3031 simul

145 3070 187 3135 de
207 3070 354 3135 formula
374 3072 412 3154 νὴ
430 3071 487 3135 tu
504 3070 686 3156 inquirere.
734 3072 835 3136 Hanc
851 3071 961 3155 igitur
978 3072 1161 3136 formulam
1179 3093 1272 3136 com-

146 3199 283 3243 munem
307 3175 436 3243 habent
458 3176 663 3260 Andocides,
695 3178 821 3261 Isaeus,
845 3179 1039 3264 Lycurgus,
1064 3176 1271 3264 Hyperides,

146 3283 352 3368 Dinarchus,
376 3283 573 3368 Aeschines,
600 3285 856 3350 Demosthenes.

234 3390 349 3477 Atque
365 3389 561 3456 Andocides
582 3389 721 3477 quidem
741 3390 803 3456 hac
823 3391 972 3478 simplici
991 3391 1141 3456 formula
1160 3392 1197 3475 νὴ
1214 3391 1273 3455 Δία

144 3520 227 3564 5555
250 3508 301 3564 est
321 3520 389 3564 uno
411 3500 532 3583 15553,
557 3500 612 3581 153
637 3500 754 3564 Isaens
771 3506 933 3584 quattuor
950 3499 1079 3581 155154,
1097 3498 1149 3582 24,
1168 3500 1210 3563 73
1228 3537 1269 3547 -

144 3608 180 3691 4,
205 3610 250 3673 20
274 3646 314 3656 ——
345 3608 374 3689 7,
408 3610 465 3687 33;
497 3608 681 3693 Lycurgus
709 3629 777 3672 uno
806 3608 879 3672 loco
904 3607 941 3671 in
969 3627 1017 3672 or.
1041 3616 1160 3671 contra
1183 3607 1271 3670 Leo-

145 3724 272 3781 cratem
297 3723 317 3795 3}
343 3716 419 3795 1403
448 3715 647 3803 Hyperides
671 3716 782 3781 tribus
807 3715 890 3780 locis
914 3715 951 3778 in
975 3735 1024 3780 or.
1050 3736 1112 3800 pro
1136 3714 1270 3781 Enxeu.

146 3828 165 3902 8
189 3825 233 3889 26
257 3863 298 3872 -
324 3832 344 3904 ,A
368 3825 421 3908 27,
449 3824 491 3889 14
515 3864 555 3872 -
581 3830 600 3903 ξ
624 3824 676 3906 37,
702 3823 758 3903 24;
783 3821 978 3888 Dinarchus
998 3843 1068 3885 uno
1089 3822 1162 3886 loco
1183 3822 1213 3905 2,
1234 3824 1270 3902 8,

239 3983 258 4051 ¹)
283 3982 370 4037 Hunc
388 3998 474 4037 usum
493 3981 581 4037 etiam
598 3980 726 4036 Romani
745 3979 943 4050 imitabantur,
963 3979 1044 4034 cuius
1056 3979 1098 4033 rei
1111 3984 1213 4034 auctor
1225 3988 1271 4034 cst

146 4070 249 4127 Cicero
268 4088 321 4143 pro
339 4071 464 4125 Murena
483 4088 506 4125 c.
528 4073 540 4125 1
561 4077 592 4125 et
610 4087 663 4140 pro
682 4068 805 4123 Rabirio
823 4086 846 4122 c.
866 4071 890 4122 2.

234 4162 258 4232 “)
286 4159 329 4213 De
348 4159 404 4214 hac
423 4160 555 4214 oratione
576 4176 602 4213 v.
622 4158 708 4212 iut'rn.
