2850 4560
600 99 820 162 ‚37..

144 296 234 361 Nam
262 296 368 362 verba
392 295 562 378 ornantia,
595 315 682 379 quae
706 291 879 375 dicuntur,
912 291 1089 377 Ὀλύμπιον,
1121 292 1273 377 μέγιστον,

147 409 279 490 ἄνακτα,
303 404 370 470 alia
393 405 430 469 id
454 425 563 489 genus
580 403 622 468 ab
647 402 722 488 ipso
739 400 969 465 Demosthene
992 400 1087 464 nullo
1110 399 1178 464 alio
1199 400 1274 464 loco

147 512 312 599 usurpari
336 510 614 598 cognovirnus31)
640 530 707 594 quo
723 507 854 573 factum
871 514 932 591 est,
956 513 996 572 ut
1019 506 1104 572 haec
1126 505 1276 571 formula

146 625 251 704 atque
275 618 359 684 adeo
384 617 496 705 omnis
520 615 631 681 oratio
655 615 830 681 veteribus
855 614 955 700 ipsis,
988 613 1048 698 qui
1071 612 1116 678 ad
1140 636 1197 679 eas
1220 635 1274 677 res

146 726 301 792 studium
325 725 561 810 conferebant,
586 723 816 810 suspicionem
840 711 1004 806 moveret,
1029 721 1119 806 quod
1143 721 1275 808 perspi-

147 855 249 898 cuum
270 840 384 899 estex
404 833 479 919 ipso
501 838 706 917 argumento
728 830 779 893 illi
801 829 951 895 orationi
973 829 1169 915 praeposito
1194 828 1275 911 (Οὐκ

148 940 254 1023 ὀρθῶς
283 940 317 1004 δέ
340 962 426 1016 τινες
445 941 590 1025 ἐνόμισαν
617 942 670 1003 τὸν
699 939 794 1024 λόγον
822 939 865 1023 μὴ
889 936 1016 1022 γνήσιον
1039 940 1117 1002 εἶναι
1223 941 1276 1002 τὸν

147 1048 183 1111 δὲ
206 1045 262 1135 Δία
292 1050 345 1112 τὸν
381 1051 504 1113 ἄνακτα
532 1051 616 1112 κατὰ
643 1048 699 1131 τὴν
726 1058 780 1110 τοῦ
803 1046 972 1129 προσώπου
995 1056 1049 1109 τοῦ
1073 1046 1276 1131 ὑποκειμένου

148 1153 321 1238 συνήθειαν
352 1143 448 1239 δῆλός
479 1158 560 1220 ἐστιν
593 1154 787 1241 ὠναμακώς).
845 1154 959 1218 Huius
998 1160 1112 1218 autem
1152 1153 1275 1218 aetatis

148 1263 219 1327 viri
242 1263 335 1327 docti
359 1285 434 1328 eam
458 1264 648 1329 orationem
679 1263 833 1350 spuriam
861 1284 934 1326 esse
958 1283 1076 1327 omncs
1101 1261 1144 1326 ad
1168 1284 1276 1327 unum

148 1369 369 1435 consentiunt
403 1371 516 1453 (Blass
540 1371 610 1455 III,
636 1373 653 1435 1
684 1393 716 1456 p.
742 1370 809 1435 504
831 1375 930 1454 squ).
989 1369 1129 1452 Reliqui
1160 1376 1275 1433 autem

148 1478 217 1543 loci
247 1479 297 1543 ita
326 1477 397 1543 fere
421 1477 626 1544 conformati
654 1484 750 1562 sunt,
785 1485 825 1542 ut
853 1476 1099 1562 aequabilitate
1127 1477 1276 1562 quadam

149 1584 359 1651 adiectivum
380 1587 497 1662 πάντας
519 1592 621 1670 atque
641 1585 707 1650 hoc
728 1587 927 1672 plerumque
949 1584 1023 1648 sine
1040 1585 1186 1650 articulo
1203 1583 1276 1648 adi-

149 1691 271 1759 ciatur.
320 1693 396 1770 Qua
420 1692 461 1757 de
486 1714 587 1756 eausa
615 1693 657 1757 G.
679 1693 725 1757 H.
748 1691 910 1756 Schaefer
931 1696 1023 1778 (app.
1048 1714 1093 1757 cr.
1111 1692 1129 1756 I
1145 1714 1177 1777 p.
1197 1690 1275 1773 525)

149 1799 334 1866 articulum
358 1799 412 1864 his
436 1797 595 1863 omnibus
619 1799 703 1862 locis
727 1806 896 1862 remotum
920 1799 1006 1863 vult.
1064 1798 1133 1863 Sed
1157 1797 1276 1862 viden-

150 1907 245 1991 dum,
277 1931 320 1971 ne
344 1906 511 1972 faciamus
535 1906 797 1971 inconsiderate.
845 1906 1001 1990 Namque
1026 1905 1063 1970 in
1087 1906 1164 1970 aliis
1189 1905 1276 1970 eius·

150 2014 244 2080 modi
284 2015 442 2080 formulis
485 2015 669 2079 articulum
710 2013 867 2079 additum
903 2036 975 2079 esse
1010 2014 1187 2096 Voeme12)
1222 2014 1277 2078 his

152 2122 315 2209 exemplis
336 2123 551 2209 comprobat:
583 2123 686 2207 ὀμνύω
709 2125 780 2199 τοὺς
804 2122 900 2198 θεοὺς
923 2124 1063 2198 ἅπαντας
1087 2122 1152 2205 (23,
1177 2121 1210 2205 5)
1239 2159 1277 2168 -

155 2234 288 2317 εὔχεσθε
301 2232 335 2295 δὲ
346 2242 422 2295 πᾶσι
434 2241 497 2308 τοῖς
510 2232 597 2307 θεαῖς
614 2230 679 2314 (14,
694 2232 798 2313 39)-
811 2233 865 2294 καὶ
877 2230 995 2307 πάντας
1007 2231 1075 2314 ὑμῖν
1087 2233 1197 2315 ὄμνυμι
1208 2232 1280 2306 τοὺς

153 2339 248 2414 θεοὺς
271 2338 337 2421 (32,
362 2340 428 2420 31).
478 2337 571 2414 Quid
588 2337 718 2401 multa?
763 2337 840 2401 Hac
863 2336 938 2422 ipsa
959 2336 1149 2422 scripturae
1170 2336 1278 2402 ambi-

152 2444 286 2529 guitate
310 2468 350 2509 ac
370 2443 507 2510 diversa
528 2444 710 2509 verborum
736 2444 1004 2526 continuatione,
1029 2444 1119 2508 unde
1137 2450 1280 2530 apparet

152 2551 191 2617 in
206 2551 260 2616 his
277 2552 434 2616 formulis
450 2558 562 2617 ratam
579 2551 692 2637 legem
707 2573 778 2616 non
795 2573 868 2615 esse
885 2552 1112 2634 observatam,
1135 2573 1277 2636 magno-

152 2681 232 2746 pere
261 2659 498 2743 admonemur,
530 2659 584 2723 uti
612 2680 795 2744 sequamur
825 2658 949 2745 optimi
976 2657 1058 2722 libri
1081 2658 1106 2721 Σ
1131 2657 1279 2722 auctori-

152 2775 269 2833 tatem.
328 2769 435 2833 Recte
470 2768 579 2853 igitur
610 2765 817 2831 recentiores
853 2767 965 2830 critici
1000 2771 1097 2830 textu
1128 2765 1280 2831 Behkeri

152 2881 285 2939 mutato
316 2874 498 2939 formulam
530 2876 567 2959 νὴ
593 2877 646 2938 τὸν
670 2872 727 2937 Δία
750 2877 804 2937 καὶ
826 2874 920 2950 θεοὺς
943 2872 981 2936 in
1005 2893 1052 2938 or.
1081 2874 1131 2957 18,
1159 2874 1222 2938 129
1246 2880 1279 2936 et

153 2982 206 3068 25,
231 2984 274 3049 65
298 3007 340 3048 ex
362 2983 421 3047 illo
447 2984 562 3048 codice
585 2990 797 3069 receperunt.

242 3093 425 3157 Praeterea
446 3092 483 3156 in
511 3092 710 3177 compositis
733 3090 771 3155 id
794 3112 905 3176 genus
929 3088 1088 3154 formulis
1107 3090 1279 3167 iuramen-

153 3206 226 3263 tum
251 3200 289 3283 νὴ
314 3201 366 3264 τὸν
383 3198 439 3262 Δία
462 3202 517 3263 καὶ
532 3201 586 3263 τὸν
601 3198 747 3263 Ἀπόλλω
771 3219 950 3262 commune
968 3204 1020 3261 est
1035 3195 1279 3261 Demosthenis

154 3309 202 3391 (9,
228 3307 299 3390 65),
323 3307 413 3372 Isaei
437 3309 479 3390 (6,
504 3307 575 3390 61),
607 3305 790 3370 Aeschinis
813 3305 925 3370 tribus
949 3304 1033 3369 locis
1058 3305 1107 3388 (1,
1131 3307 1189 3381 88,
1216 3305 1280 3369 108

153 3419 247 3499 etl,
279 3417 339 3500 81,
376 3436 441 3500 quo
472 3415 548 3480 loco
579 3414 664 3479 haec
693 3413 842 3479 formula
865 3415 1042 3500 paululum
1066 3411 1279 3477 extenditur:

154 3525 192 3608 νὴ
215 3526 269 3587 τὸν
293 3523 349 3587 Δία
372 3526 425 3587 τὸν
449 3520 618 3607 Ὀλύμπιον
642 3523 695 3584 καὶ
717 3523 770 3586 τὸν
792 3520 960 3608 Ἀπόλλω).

244 3630 358 3694 Solius
382 3628 529 3714 denique
553 3627 797 3693 Demosthenis
822 3627 906 3692 haec
929 3627 1123 3691 iuramenta
1147 3633 1244 3690 sunt:

153 3798 314 3805 *-

247 3921 267 3992 ¹)
299 3919 342 3972 Cf.
367 3936 466 3989 supra
511 3919 578 3972 Non
600 3917 697 3988 magis
720 3915 931 3970 Demosthenis
957 3920 1002 3970 est
1024 3915 1222 3970 iuramentum
1249 3915 1280 3971 in

154 4008 238 4081 epist.
252 4009 279 4062 V
297 4013 390 4075 δέομαι
409 4013 475 4074 πρὸς
494 4012 552 4074 Διὸς
570 4013 655 4071 ξενίαν
676 4012 722 4059 καὶ
741 4011 847 4059 πάντων
866 4013 917 4059 τῶν
938 4009 1008 4058 θεῶν
1029 4004 1078 4076 (of.
1091 4004 1177 4059 Blass
1189 4004 1244 4075 ΠΙ,
1264 4005 1279 4059 1

154 4115 181 4168 p.
200 4097 273 4169 398).

245 4186 268 4259 ²)
296 4184 454 4241 Contiones
475 4186 556 4256 1856,
581 4184 620 4239 ad
639 4203 678 4239 or.
697 4186 723 4255 8,
742 4183 785 4238 49.
