2850 4560
597 94 730 158 -74
776 134 825 166 -.

143 289 206 358 ‘Or.
223 291 264 354 41
291 294 331 373 (e.
357 289 551 376 Spudiam):
587 297 657 354 tres
680 290 746 355 loci
771 292 842 377 (μά,
864 289 917 375 νή,
940 291 1040 375 πρὸς).

126 411 137 467 ,’
253 402 297 483 μὰ
321 396 377 462 Δία
401 397 445 461 20
470 435 510 443 —
536 398 573 480 νὴ
599 397 641 460 A?
667 397 708 460 12
731 437 772 445 —
798 400 877 481 πρὸς
900 400 985 462 θεῶν
1009 398 1062 463 22.

146 505 204 571 Or.
221 505 265 568 42
289 509 328 586 (o.
353 502 619 589 Phaenippum):
655 510 724 568 tres
748 504 815 568 looi
838 504 904 589 (νή,
926 504 1028 587 πρός).

251 611 304 676 bis
328 609 381 694 νήτ
409 611 448 693 νὴ
472 609 514 673 Δί’
540 610 559 674 7
584 616 617 673 et
640 611 678 693 νὴ
702 614 773 688 τοὺς
797 612 892 686 θεοὺς
915 613 970 674 καὶ
993 614 1048 686 τὰς
1071 611 1150 687 θεάς
1173 610 1205 675 6.

252 718 355 782 semel
377 720 455 801 πρὸς
478 727 539 783 τῶν
564 719 648 782 θεῶν
671 721 725 782 καὶ
747 719 900 803 δαιμόνων
925 720 976 784 17.

342 825 505 889 Formula
533 827 609 909 πρὸς
632 835 694 889 τῶν
718 826 804 889 θεῶν
828 828 882 889 καὶ
904 826 1058 911 δαιμόνων
1081 825 1177 890 nullo
1201 825 1272 890 alio

252 931 326 996 loco
350 930 441 1017 apud
464 931 730 995 Demosthenem
754 932 923 1016 reperitur
948 930 1001 1014 (of.
1019 939 1146 1018 supra).
1194 933 1271 997 Iam

251 1060 334 1104 vero
353 1037 536 1103 formulam
557 1040 593 1122 νὴ
615 1043 685 1116 τοὺς
702 1040 798 1115 θεοὺς
814 1041 867 1103 καὶ
883 1043 938 1115 τὰς
956 1040 1045 1124 θεάς,
1061 1062 1272 1126 quamquam

252 1145 363 1210 simile
380 1146 693 1228 iuramentumlltl,
712 1147 767 1229 67)
785 1153 907 1228 exstat,
929 1153 1044 1210 tamen
1060 1146 1097 1211 in
1113 1147 1270 1212 oratione

251 1255 389 1341 privata
421 1253 464 1317 ab
494 1252 569 1338 ipso
597 1253 827 1318 Demosthene
858 1252 1023 1338 scriptam
1054 1275 1126 1317 esse
1154 1253 1270 1319 minus

252 1358 439 1425 verisimile
471 1366 531 1424 est.
579 1360 679 1424 Hanc
707 1367 821 1423 autom
850 1360 1040 1424 orationem
1069 1382 1270 1444 germanam

252 1491 324 1533 esse
349 1489 465 1531 omnes
490 1467 533 1531 ad
556 1488 664 1530 unum
687 1474 818 1551 negant
841 1468 953 1549 (Blass
972 1467 1036 1551 ΙΙΙ,
1063 1469 1080 1530 1
1105 1489 1137 1553 p.
1154 1467 1246 1549 449).

145 1576 203 1642 Or.
220 1577 263 1640 43
288 1582 327 1656 (o.
352 1577 609 1657 Macartatum):
645 1574 713 1638 duo
737 1574 803 1638 loci
826 1576 892 1661 (μά,
917 1577 966 1658 ὡ).

253 1689 297 1771 μὰ
320 1684 362 1748 Δί’
387 1684 429 1747 52
454 1690 487 1748 et
512 1685 537 1747 ὡ
561 1683 620 1747 Ζεῦ
644 1685 698 1747 καὶ
720 1683 791 1747 θεοί
815 1684 867 1747 68.

341 1791 383 1854 In
415 1791 569 1854 oratione
601 1797 674 1854 tam
705 1790 810 1874 longa
840 1789 955 1874 plures
985 1788 1151 1854 formulae
1180 1788 1270 1854 desi·

252 1897 426 1963 derantur.
468 1896 670 1981 Abrogatur
686 1903 801 1960 autem
817 1895 900 1960 haee
915 1896 1026 1960 oratio
1043 1896 1271 1962 Demostheni

252 2005 295 2070 ab
319 2005 360 2069 A.
378 2002 560 2070 Sohaefero
585 2016 618 2068 et
642 2003 776 2068 Blaesio
802 2004 880 2086 (III,
907 2005 923 2066 1
946 2025 978 2090 p.
1003 2004 1069 2068 489
1092 2010 1181 2089 squ.)

145 2113 203 2179 Or.
220 2114 265 2178 44
288 2120 328 2196 (e.
353 2111 589 2195 Leocharem):
627 2119 747 2197 quater
770 2113 808 2195 νὴ
834 2111 891 2175 Δία
914 2113 966 2194 33,
991 2113 1044 2190 50,
1069 2112 1122 2196 55,
1147 2113 1200 2180 55.

340 2221 435 2285 Haeo
459 2242 592 2304 quoqne
618 2220 727 2284 oratio
752 2240 814 2305 pro
839 2219 957 2304 spuria
981 2218 1127 2284 habetur
1155 2221 1269 2303 (Blass

251 2326 315 2409 III,
343 2328 358 2389 1
391 2349 424 2412 p.
450 2328 538 2409 511).

145 2434 202 2498 (lr.
219 2433 263 2496 45
288 2439 327 2515 (o.
353 2432 595 2518 Stephanuml:
632 2440 701 2497 tres
725 2432 792 2496 looi
816 2431 881 2516 (νή,
904 2433 993 2516 πρὸς,
1017 2435 1067 2516 ὡ).

251 2543 288 2625 νὴ
314 2543 370 2606 Δία
397 2544 435 2605 11
462 2582 502 2588 -
528 2544 604 2624 πρὸς
627 2542 713 2604 θεῶν
735 2542 777 2604 81
805 2581 844 2588 -
871 2543 897 2605 ὡ
921 2551 962 2626 γῆ
987 2545 1042 2606 καὶ
1066 2542 1135 2607 θεοί
1160 2543 1212 2609 73.
1237 2605 1241 2614 ,

341 2651 439 2715 Hane
469 2650 657 2714 orationem
689 2671 889 2731 germanam
917 2671 989 2712 esse
1020 2648 1140 2714 dicunt
1168 2651 1269 2716 Blass

252 2766 285 2822 et
308 2759 483 2840 Berrseler‚
509 2758 661 2843 spuriam
686 2756 845 2823 Sohaefer
869 2757 996 2842 aliique
1020 2758 1133 2839 (Blass
1156 2759 1222 2842 III,
1250 2761 1266 2823 1

251 2888 283 2952 p.
293 2867 383 2947 412).
416 2865 558 2930 Inranrli
571 2864 737 2929 formulae
750 2863 838 2929 nihil
851 2864 987 2948 habent,
1001 2865 1093 2950 qnod
1106 2865 1268 2933 offendat.

144 2974 201 3040 Or.
219 2973 262 3037 46
287 2982 327 3052 (o.
350 2972 563 3058 Stephanum
584 2972 647 3053 ΙΙ);
676 2971 773 3036 nihil.
806 3011 838 3020 -
869 2972 988 3036 Oratio
1013 2972 1130 3058 spuria
1155 2972 1268 3053 (Blass

306 3079 370 3162 III,
398 3081 413 3142 1
440 3100 471 3164 p.
497 3079 587 3165 475).

144 3186 204 3251 Or.
221 3186 264 3250 47
289 3191 328 3267 (o.
355 3185 530 3269 Euergum
555 3192 588 3249 et
612 3184 872 3267 Mnesibulum):
905 3182 1003 3250 nihil.

341 3293 392 3355 De
417 3291 534 3377 spuria
558 3291 621 3356 hae
645 3291 798 3355 oratione
823 3291 864 3357 ef.
882 3292 982 3356 Blaes
1007 3291 1071 3369 ΙΙΙ,
1099 3294 1113 3355 1
1141 3313 1173 3377 p.
1190 3291 1268 3358 484.

144 3399 202 3464 Or.
219 3399 264 3462 48
288 3408 327 3480 (c.
347 3397 659 3483 Olympiodorurnl:
698 3402 742 3483 μὰ
764 3401 817 3461 τὸν
841 3398 897 3462 Δία
921 3401 973 3462 τὸν
998 3397 1140 3483 μέγιστον
1164 3398 1194 3463 2.

341 3506 392 3568 De
425 3503 488 3568 hae
520 3504 685 3569 inusitata
716 3503 864 3569 formula
899 3503 940 3569 of.
973 3526 1090 3589 snprn3
1127 3503 1268 3588 aceedit,

252 3611 341 3697 qnod
364 3611 398 3675 in
419 3611 575 3693 longiore
596 3611 751 3675 oratione
773 3633 842 3676 non
865 3611 1011 3697 amplius
1032 3633 1101 3675 nna
1119 3609 1268 3677 formula

251 3728 312 3784 est.
360 3719 410 3782 Do
435 3719 553 3804 apuria
577 3716 641 3781 hae
663 3718 817 3782 oratione
838 3739 870 3783 v.
888 3716 986 3782 Blass
1008 3715 1072 3799 ΙΙΙ,
1100 3718 1115 3780 1
1142 3739 1174 3803 p.
1190 3717 1268 3784 499.

145 3826 201 3894 Dr.
218 3827 262 3890 49
287 3834 327 3908 (c.
345 3824 591 3906 l'inrothrriml:
628 3827 665 3908 νὴ
690 3825 746 3889 tte
770 3826 822 3890 64.

341 3933 453 3997 Exeo
477 3931 568 4017 quod
594 3932 629 3995 in
653 3931 716 3996 hac
739 3931 895 4014 longiore
919 3930 1073 3995 oratione
1096 3951 1166 3996 non
1191 3930 1269 4018 plns

251 4064 320 4106 una
351 4040 498 4105 lhrmnla
530 4047 655 4122 exstat,
687 4038 909 4105 confirmatur
940 4039 1090 4125 suspicio
1114 4040 1267 4124 spuriam

253 4171 326 4214 eam
351 4173 422 4213 risse
448 4148 560 4229 (Blnas
585 4148 650 4230 III,
676 4150 692 4212 l
719 4169 751 4234 p.
768 4147 857 4230 466).
