2850 4560
589 103 819 175 *71*

245 307 465 375 tumidiorem
481 306 666 370 dictionem
687 288 859 370 incidisse.
899 304 1074 371 Nimirum
1094 303 1263 393 sophista-

244 441 320 482 rum
342 400 513 501 discipuli,
538 434 606 498 quo
623 412 824 476 similiorem
840 401 1067 478 Demostheni
1082 413 1265 479 redderent

245 524 445 608 orationem,
470 524 736 590 declamationes
757 546 835 589 suas
858 524 985 589 talibus
1005 524 1098 589 illius
1116 525 1264 590 oratoris

244 634 433 699 luminibus
457 640 591 720 praeter
615 633 754 697 modum
779 654 946 697 exornare
969 633 1134 701 solebant.
1149 638 1172 717 ¹)

139 743 196 807 Or.
215 743 257 806 26
282 742 445 824 (secunda
469 765 496 807 c.
521 741 706 826 Aristog.):
744 742 780 825 νὴ
804 743 861 825 τὴν
885 740 1024 826 Ἀθηνᾶν
1051 743 1102 806 19.

335 849 411 913 Hoc
435 848 667 913 iuramentum
690 847 836 912 illitam
860 847 957 912 tenui
980 847 1170 912 sententiae
1194 869 1265 912 non

245 955 294 1020 ita
325 955 425 1020 valde
457 955 662 1042 respondere
693 955 841 1020 videtur.
900 955 1022 1038 Recte,
1058 961 1098 1018 ut
1129 955 1262 1041 opinor,

244 1063 344 1127 Blass
354 1053 453 1128 'hanc
474 1064 673 1147 orationem,
699 1085 785 1147 quae
801 1083 872 1127 non
888 1069 1024 1126 tantum
1039 1061 1265 1128 formularum

245 1191 387 1234 numero
412 1176 446 1234 et
468 1193 542 1254 usu,
571 1169 758 1234 sedetiam
782 1168 901 1233 multis
925 1168 1003 1232 aliis
1028 1169 1128 1233 rebus
1152 1170 1264 1250 (Blass

245 1279 310 1362 111,
344 1281 361 1342 1
394 1301 426 1365 p.
452 1279 531 1364 364)
566 1278 675 1364 priori
706 1277 936 1341 dissimillima
968 1283 1033 1360 est,
1072 1278 1114 1341 ab
1146 1277 1264 1342 eodem

246 1391 383 1450 auctore
408 1384 632 1471 compositam
657 1407 729 1449 esse
752 1390 868 1470 negat.

140 1492 197 1558 Or.
215 1494 257 1557 27
282 1498 322 1576 (c.
347 1492 536 1579 Aphobum
559 1493 604 1576 111
640 1492 739 1558 nihil.

139 1601 196 1666 Or.
214 1601 257 1664 28
282 1605 323 1682 (c.
341 1600 486 1665 eundem
503 1601 565 1684 ID:
596 1601 732 1685 ἱκετεύω,
756 1600 908 1687 ἀντιβολῶ
928 1603 1019 1684 πρὸς
1038 1601 1165 1685 παίδων,
1188 1603 1265 1685 πρὸς

299 1717 465 1792 γυναικῶν,
487 1710 564 1791 πρὸς
587 1717 649 1771 τῶν
673 1709 770 1772 ὄντων
795 1707 929 1792 ἀγαθῶν
953 1708 1022 1792 ὑμῖν
1124 1708 1176 1772 20.

334 1813 429 1878 Haec
461 1820 532 1877 tam
568 1811 711 1899 pulchra
746 1812 898 1877 iudicum
929 1813 1120 1878 obsecratio
1152 1814 1264 1898 magis

245 1929 371 1986 natura
395 1943 496 2005 quam
522 1928 595 1985 arte
618 1921 770 1985 oratoria
792 1920 927 1985 nititur.

139 2028 196 2094 Or.
215 2029 257 2092 29
282 2033 321 2111 (c.
339 2028 523 2115 Aphobum
541 2028 624 2110 HD:
654 2034 815 2112 quattuor
835 2027 902 2092 loci
926 2029 992 2114 (μά,
1015 2029 1101 2112 πρός,
1126 2034 1264 2114 prees).
1356 2016 1363 2026 ’

245 2137 299 2203 bis
324 2137 380 2223 poi:
410 2140 454 2222 μὰ
477 2136 520 2200 Δί’
545 2136 587 2199 59
612 2147 646 2199 01
670 2140 714 2221 μὰ
736 2139 808 2213 τοὺς
831 2137 927 2213 θεούς
951 2137 1004 2202 57.

246 2246 271 2307 ὡ
295 2247 373 2327 πρὸς
397 2243 466 2320 Διός
490 2244 532 2306 32
558 2282 597 2292 -
624 2246 679 2306 σὺν
704 2244 790 2319 θεοῖς
815 2244 907 2308 εἰπεῖν
933 2244 962 2308 1.

140 2351 197 2416 Or.
215 2352 258 2414 30
283 2354 323 2433 (c.
349 2350 533 2415 Onetorem
558 2349 603 2432 I):
636 2349 734 2414 nihil.

139 2458 196 2523 Or.
215 2460 255 2521 31
281 2458 322 2545 (c.
348 2456 493 2521 eundem
518 2457 581 2539 II):
614 2457 652 2541 νὴ
678 2456 735 2520 Δία
761 2457 813 2521 10.
849 2531 853 2537 ,

333 2562 867 2649 111111100010011001011011111110,
893 2585 978 2647 quae
999 2562 1036 2626 in
1056 2562 1116 2626 lite
1134 2564 1263 2628 111101·ἰοΙ
1295 2640 1298 2645 p

246 2671 377 2755 primae
412 2693 432 2734 a
463 2669 693 2734 Demosthene
725 2669 843 2734 adulto
879 2669 1026 2754 scriptae
1061 2677 1095 2732 et
1126 2668 1264 2734 habitae

247 2798 318 2839 esse
335 2776 506 2859 dicuntur,
531 2775 669 2840 tertiam
693 2774 803 2861 ipsius
820 2774 1063 2840 Demosthenis
1087 2797 1161 2839 esse
1185 2778 1266 2840 s'unt

247 2881 306 2965 qui
337 2890 474 2964 negent.
536 2883 655 2968 Neque
686 2904 768 2947 vero
801 2883 838 2947 in
869 2882 1008 2947 iurandi
1038 2881 1264 2948 formularum

246 3010 310 3052 usu
333 2988 423 3054 inter
447 3012 482 3054 se
506 3011 695 3074 congruere
718 2989 891 3057 videntur.
947 2991 1032 3055 Oum
1062 2991 1155 3056 enim
1178 2991 1264 3058 duae
1298 2985 1302 2992 ’

246 3094 377 3181 primae
423 3096 595 3162 orationes
643 3097 846 3162 iuramentis
893 3097 993 3183 plane
1041 3106 1181 3163 careant
1231 3105 1265 3163 et

246 3226 288 3267 ex
322 3202 455 3268 duabus
494 3204 675 3290 postremis
711 3203 833 3289 quinta
866 3227 968 3270 unam
1007 3203 1188 3270 formulam
1225 3208 1263 3291 νὴ

246 3311 302 3374 Δία
341 3334 361 3376 a
395 3311 625 3376 Demosthene
668 3311 703 3376 in
748 3313 960 3377 subiectione
1003 3313 1126 3377 millies
1165 3336 1264 3378 110111-

245 3425 362 3505 patam
385 3419 523 3485 habeat:
549 3419 585 3483 in
608 3419 712 3485 tertia
736 3419 900 3503 oratione,
926 3443 1014 3505 quae
1037 3428 1089 3485 001
1111 3426 1264 3507 tempore

247 3526 368 3610 media,
393 3526 619 3590 inveniuntur
643 3532 714 3591 1100
737 3525 913 3611 formulae,
939 3527 1123 3612 inquibus
1145 3530 1265 3613 ὡπρὸς

247 3633 316 3711 Διός
339 3655 479 3718 perrara
510 3639 561 3697 est
591 3633 682 3719 apud
706 3632 983 3698 Demosthenem.
1038 3633 1193 3718 Accedit,
1224 3643 1263 3700 ut

247 3738 373 3804 locutio
403 3744 459 3805 σὺν
483 3741 569 3818 θεοῖς
592 3741 694 3825 εἰπεῖν,
717 3763 819 3825 quam
836 3743 1123 3807 Westermannus
1149 3747 1264 3827 (quae-

209 3887 211 3890 >
247 3845 350 3913 stion.
382 3848 501 3933 partic.
526 3849 582 3913 ΙΠ
613 3870 646 3934 p.
673 3849 727 3931 11)
755 3846 920 3934 frigidam
946 3871 1018 3914 esse
1042 3849 1140 3934 dicit,
1173 3849 1264 3937 apud

163 3996 166 4000 -
247 3952 511 4019 Demosthenem
536 3955 631 4020 nullo
656 3955 723 4020 alio
748 3955 822 4020 loco
846 3956 1047 4042 reperiatur.
1094 3957 1213 4041 Itaque
1230 3964 1264 4021 01

231 4185 251 4256 ¹)
279 4181 442 4249 Schroeder
460 4182 659 4256 (Programm)
678 4201 705 4255 p.
726 4185 767 4239 12.
