2850 4560
602 54 821 118 ..58-

150 269 190 312 ac
214 246 449 313 vehementius
474 249 687 314 concitarent
711 271 842 333 eorum,
872 250 931 334 qui
954 251 1111 330 aderant,
1141 254 1280 319 miseri-

149 353 311 420 cordiam.
367 354 478 419 Testis
506 363 558 419 est
580 355 827 421 Demosthenes
852 357 909 442 28,
934 358 990 424 2οι
1023 360 1164 444 ἱκετεύω,
1192 363 1279 426 ἀντι-

149 461 232 548 βολῶ
256 465 332 546 πρὸς
355 463 480 546 παίδων,
503 466 580 546 πρὸς
604 474 759 548 γυναικῶν
884 464 950 529 His
975 465 1169 531 simillimae
1193 476 1279 533 suut

148 590 263 654 preces
287 568 378 655 apud
401 568 543 653 Lysiam
567 569 604 633 in
628 590 677 635 or.
701 570 733 650 4,
758 571 802 635 20
826 576 859 634 et
884 571 936 654 20,
962 573 1014 638 36.
1063 573 1157 650 Quos
1181 573 1278 638 locos

149 675 319 762 adaequat
335 677 370 740 vi
388 683 421 740 et
437 676 634 762 granditate
650 675 734 743 haec
750 679 933 743 obtestatio
955 679 1046 765 apud
1068 681 1152 747 Isae.
1176 682 1207 762 2,
1230 683 1278 748 47

149 781 335 869 βοηθήσατε
362 786 416 847 καὶ
446 783 520 869 ἡμῖν
552 788 606 847 καὶ
636 785 745 869 ἐκείνω
775 795 820 870 τῷ
851 786 883 849 ἐν
914 784 1019 850 Ἅιδου
1051 789 1114 852 ὄντι
1144 791 1198 853 καὶ
1230 791 1277 875 μὴ

147 889 317 975 περιίδητε,
347 892 424 973 πρὸς
448 891 534 954 θεῶν
564 893 618 954 καὶ
641 891 794 976 δαιμόνων
819 891 925 977 δέομαι
949 893 1049 976 ύμων,
1077 895 1277 979 speculari·

148 997 266 1062 σθέντα
372 998 448 1061 Hoc
472 997 544 1061 loco
566 996 709 1064 Scheibe
722 1001 745 1081 ¹)
766 1000 871 1063 verba
894 999 1003 1084 δέομαι
1027 1001 1112 1084 ύμων
1135 1000 1275 1087 iniuria,

148 1110 187 1167 ut
203 1103 335 1188 opinor,
356 1103 453 1168 uncis
475 1102 629 1168 includit.
671 1103 806 1168 Similia
822 1105 913 1169 enim
929 1105 1096 1170 vocabula
1113 1127 1273 1173 nonnun-

149 1230 251 1293 quam
272 1209 390 1275 addita
411 1209 568 1274 videmus
592 1209 628 1273 in
653 1210 833 1274 sententiis
854 1211 967 1276 minus
989 1211 1189 1297 grandibus,
1214 1236 1275 1278 ve·

148 1316 213 1380 luti
236 1316 328 1402 apud
343 1315 512 1382 Andocid.
540 1318 567 1399 1,
593 1316 635 1380 32
659 1315 868 1400 (ἐπισκήπτω)
892 1325 926 1382 et
949 1317 1041 1404 apud
1064 1319 1162 1385 Dem.
1180 1321 1275 1404 ύΟ,2

148 1425 270 1512 (δέομαι
293 1427 408 1512 ὑμῶν),
440 1447 491 1511 ep.
509 1426 540 1489 'V
563 1447 595 1510 p.
623 1425 723 1508 1490,
758 1425 777 1488 2
809 1426 955 1511 (δέομαι).
967 1427 992 1508 ²)
1047 1426 1099 1491 Ob
1132 1450 1275 1513 eamque

148 1522 285 1597 causam
308 1531 401 1599 haud
425 1531 495 1596 scio
519 1554 563 1597 an
583 1531 709 1596 rectius
732 1531 907 1596 tenuerint
928 1532 1035 1598 Cobet
1059 1540 1093 1597 et
1105 1533 1275 1600 Weidner

148 1637 254 1702 verba
286 1639 413 1703 ἱκετεύω
445 1641 525 1725 ὑμᾶς
553 1637 589 1702 in
620 1637 812 1704 Aeschinea
841 1646 926 1704 orat.
952 1642 986 1722 3,
1019 1639 1095 1724 156,
1128 1663 1195 1726 qno
1231 1641 1275 1708 de

146 1743 220 1809 loco
243 1752 344 1809 antea
367 1743 498 1810 dictum
522 1754 582 1810 est.

237 1852 423 1929 Quaerenti
455 1860 582 1935 autem,
615 1875 702 1937 quae
734 1853 779 1917 sit
810 1853 847 1917 in
878 1852 1023 1918 dicendo
1052 1876 1169 1918 earum
1201 1853 1275 1921 for·

147 1961 316 2026 mularum
334 1961 474 2046 propria
490 1961 553 2042 viS,
580 1969 732 2025 oratores
754 1960 807 2024 his
825 1960 965 2025 deorum
983 1962 1275 2028 obtestationibus

147 2066 182 2132 id
217 2066 434 2153 potissimum
466 2067 624 2151 consequi
658 2066 744 2131 mihi
775 2066 950 2151 videntur,
986 2077 1025 2132 ut
1057 2069 1275 2136 audientium

146 2174 278 2239 animos
311 2195 476 2258 auresque
509 2173 545 2237 in
577 2173 738 2256 graviore
769 2196 806 2237 re
834 2174 1035 2260 exponenda
1069 2174 1275 2241 attentiores

146 2282 212 2347 sibi
239 2280 378 2347 faciant.
435 2280 511 2358 Quo
539 2279 592 2362 fit,
625 2290 664 2344 ut
695 2281 778 2346 haec
809 2281 955 2346 iuranda
986 2305 1085 2369 saepe
1117 2283 1275 2349 conside-

146 2388 245 2457 randi
262 2389 376 2454 verbis
398 2388 642 2453 attribuantur.
690 2388 796 2452 Cuius
821 2388 957 2473 generis
982 2396 1033 2454 est
1056 2389 1147 2474 apud
1172 2390 1274 2458 Dem.

146 2496 343 2580 σκέψασθε
368 2495 404 2558 in
428 2516 476 2559 or.
501 2495 556 2576 20,
580 2493 624 2557 43
648 2495 828 2578 (sathaelis
848 2497 886 2579 δὴ·
909 2499 986 2579 πρὸς
1003 2496 1072 2574 Διὸς
1089 2499 1142 2560 καὶ
1157 2497 1272 2580 θεῶν).

146 2602 282 2668 Pariter
305 2602 364 2682 21,
390 2601 448 2682 58,
474 2601 516 2665 73
542 2639 581 2648 -
607 2601 664 2682 2ῖ),
690 2601 731 2664 72
756 2640 795 2648 -
823 2603 880 2684 39,
911 2603 963 2667 37.
1033 2603 1274 2669 dedocebat

146 2711 204 2793 23,
229 2709 287 2792 24,
311 2710 370 2791 60,
398 2708 471 2774 142.
528 2709 770 2793 λογίζεσύετ
806 2711 841 2791 9,
872 2710 926 2776 43.
985 2712 1103 2796 μαἰύετε
1126 2711 1183 2781 41,
1216 2711 1273 2779 22.

145 2817 313 2902 προςέχετε
336 2820 389 2881 τὸν
413 2827 484 2880 νοῦν
508 2818 565 2897 55,
590 2818 621 2880 9.
669 2818 929 2904 διαμνημονεύετε
955 2819 1010 2901 19,
1038 2820 1088 2884 19.
1138 2820 1275 2904 ἀναμιμ·

146 2926 307 3012 νήσκεσθε
333 2926 383 3007 19,
407 2925 460 2989 45.

234 3034 377 3098 Praeter
420 3031 683 3097 Demosthenem
727 3033 851 3118 Lysias
895 3033 1006 3098 utitur
1044 3032 1149 3097 verbo
1194 3055 1273 3097 σκο-

144 3150 229 3206 πεῖτε
256 3140 310 3220 19,
343 3138 396 3204 34.

235 3246 335 3312 Solus
367 3243 513 3329 denique
544 3245 792 3310 Demosthenes
823 3245 885 3311 has
917 3245 1096 3327 formulas,
1131 3245 1183 3308 uti
1215 3267 1270 3310 rs·

145 3351 270 3418 tundat
295 3350 507 3417 acerbiorum
529 3352 712 3417 verborum
737 3352 880 3433 aculeos,
906 3372 1154 3436 nonnunquam
1170 3373 1272 3416 usur·

146 3468 206 3546 pat
227 3459 262 3524 in
280 3459 564 3545 praemunitione,
585 3482 670 3544 quac
688 3458 824 3525 dicitur.
846 3460 970 3523 sivein
988 3458 1270 3544 prodiortliosi.³)

236 3623 256 3691 1)
285 3618 415 3675 Scheibe.
436 3618 544 3681 Isana,
566 3617 680 3689 Lipsiae
702 3619 777 3672 1900.

234 3709 256 3767 ’ν
285 3708 352 3778 Ipse
372 3726 442 3761 vcro
469 3707 683 3761 Demo-thenas
710 3740 738 3746 —-
768 3716 811 3761 cst
837 3707 912 3760 enini
939 3707 1038 3778 spuria
1057 3715 1083 3761 cl
1106 3707 1199 3762 oratio
1219 3708 1269 3762 ad·

146 3813 248 3851 vorsus
269 3796 416 3867 Pohe-hui
437 3805 464 3849 ct
485 3796 588 3866 quinia
607 3797 732 3866 epistola
750 3796 846 3851 (illese
861 3795 915 3850 lll.
937 3799 948 3848 l
971 3814 996 3866 μ.
1010 3797 1064 3849 lto
1081 3806 1109 3849 et
1127 3796 1179 3849 3οῖ
1193 3799 1268 3866 squ.)

147 3884 453 3955 -‹›x‹·1npt0i1sigai
474 3887 523 3939 illo
544 3886 606 3939 loco
625 3888 668 3949 ΣΗ,
686 3888 723 3938 20
741 3903 891 3953 nunqnam
910 3885 1017 3938 talibus
1035 3885 1132 3939 verbis
1151 3887 1250 3940 utitur.

234 3974 256 4045 ’,ν
285 3973 391 4043 Aquila
419 3973 567 4027 llonmnus
593 3973 640 4029 (do
666 3973 793 4038 ligur-isi:
826 3972 1070 4039 „P1·odioi·tlmsis‚
1090 3973 1269 4044 praerodcus

144 4063 313 4118 correcli0“
352 4062 451 4131 „llaec
464 4065 567 4129 ligura.
587 4061 635 4114 uhi
654 4061 761 4132 aliquid
781 4062 977 4116 nurussuiiuui
996 4062 1075 4116 dictu
1096 4074 1123 4115 ct
1145 4064 1268 4117 insuave

144 4151 330 4208 :uulivnlibne
349 4160 398 4192 mil
419 4149 549 4203 odiosum
571 4149 654 4203 nohis
674 4148 777 4202 dicturi
797 4167 904 4204 smnus.
925 4151 1115 4222 pacienciae
