2850 4560
590 147 809 214 -13-

223 345 278 428 48,
303 347 324 408 2
355 348 426 410 οὔτε
450 349 497 430 μοί
520 348 581 409 τδν
606 345 671 411 Δία
693 349 757 409 τὸν
782 346 954 431 μέγιστον
979 345 1069 428 ἑκών,
1093 344 1161 408 ἀλλ’
1188 396 1246 410 ...

344 451 395 534 10,
421 451 488 515 20θ
523 454 578 515 καί
608 451 762 515 Φίλιππον
798 452 823 515 δ’
857 453 950 516 αὐτὸν
982 453 1067 536 οἶμαι
1103 451 1191 514 οὐδὲν
1225 451 1262 511 ἂν

351 629 354 636 ,
405 558 483 621 ἄλλο
509 561 559 643 μοί
583 561 653 633 τοὺς
678 560 771 635 θεοὺς
794 558 944 636 εὔξασθαι
1142 562 1145 568 ⁴

228 665 277 746 16,
304 665 346 728 13
379 668 458 729 ὥστε
484 662 555 742 πῶς
586 667 621 729 οὐ
653 664 865 752 βοηθήσουσιν
982 665 1003 749 ἢ
1035 665 1177 728 ποίκιστοι

297 771 435 849 δόξουσιν
459 773 549 855 είναι;
573 775 622 856 μοί
645 775 738 847 τοὺς
762 772 886 847 θεοὺς
910 774 1010 856 ἔγωγε
1033 772 1093 855 οὐχ
1117 771 1191 853 ὁρῶ.

227 880 277 961 16,
303 878 345 942 32
374 877 461 962 Ἐγὼ
485 880 539 962 μὲν
565 880 617 942 οὖν
720 881 770 962 μοί
797 881 889 954 τοὺς
917 879 1040 953 θεοὺς
1068 880 1137 941 οὔτε
1166 878 1263 960 φιλῶν

297 987 367 1048 οὔτε
390 994 485 1068 μισῶν
509 988 623 1069 είρηκα

228 1090 278 1173 18,
305 1090 346 1153 13
378 1092 448 1154 οὔτε
472 1093 519 1175 μα
543 1094 626 1166 τοὺς
650 1091 760 1167 θεοὺς
789 1092 896 1174 ὀρθῶς
919 1094 992 1177 ἕχον
1016 1093 1084 1156 οὔτε
1107 1091 1264 1154 πολιτικὸν

297 1200 366 1261 οὔτε
390 1198 508 1262 δίκαιόν
532 1199 611 1262 ἐστιν

229 1304 279 1386 18,
306 1304 366 1367 111
400 1307 469 1368 οὔτε
493 1308 540 1389 μοί
563 1309 646 1382 τοὺς
671 1307 781 1382 θεοὺς
805 1307 884 1390 ὑμᾶς
908 1307 993 1389 οἶμαι
1017 1306 1185 1390 μανθάνειν

227 1412 278 1493 20,
304 1411 370 1474 21*
399 1415 453 1475 καί
477 1416 524 1497 μοὶ
548 1416 631 1490 τοὺς
655 1415 765 1490 θεοὺς
860 1414 918 1475 οὐκ
942 1416 1042 1498 οίομοιι
1064 1412 1154 1476 πέντε
1178 1414 1262 1477 είνοιι.

227 1518 279 1600 21,
304 1516 347 1580 58
371 1519 406 1581 ού
430 1521 491 1603 γὰρ
517 1507 728 1604 δνειδίοαιμὰ
751 1523 834 1595 τοὺς
858 1520 969 1595 θεοὺς
994 1521 1094 1583 οὐδενί
1114 1520 1263 1605 δυσχερὲς

298 1625 387 1689 οὐδὲν
411 1626 597 1713 βουλόμενος
621 1678 675 1693 ...

227 1733 279 1815 21,
305 1733 369 1797 133
400 1735 452 1810 οὓς
477 1738 528 1819 μὰ
556 1738 647 1815 τούς
675 1737 797 1810 θεοὺς
825 1736 912 1799 οὐδὲν
937 1735 1125 1817 ὠφελεῖσθαι
1148 1734 1262 1819 νομίζοι

297 1843 384 1923 παρὰ
406 1841 514 1905 τούτου
538 1892 592 1906 ...

226 1949 278 2030 21,
304 1948 369 2013 205
400 1950 460 2033 οὐχ
483 1951 563 2014 οὕτω
586 1950 683 2034 τούτῳ
711 1950 906 2034 χαρίσασθαι
937 1952 986 2034 μοί
1017 1952 1108 2025 τούς
1139 1950 1264 2025 θεοὺς

297 2055 476 2140 βουλόμενοι
499 2106 506 2120 .
523 2106 530 2120 .
547 2106 553 2120 .

226 2161 278 2243 21,
304 2161 369 2224 207
401 2161 469 2224 ἀλλ’
501 2163 526 2225 εί
558 2173 667 2238 κακῶς
698 2163 751 2248 ἐμὲ
775 2162 877 2248 βούλει
900 2172 995 2227 ποιεῖν
1018 2202 1073 2228 ...-
1098 2163 1140 2238 ὡς
1163 2164 1263 2247 ἔγωγε

297 2269 1105 2351 mmfflfflmfflfflmm'

229 2373 281 2455 25,
305 2373 350 2437 48
373 2384 464 2439 τούτο
485 2374 510 2438 δ’
528 2377 562 2438 ού
584 2377 690 2461 καλύν,
707 2428 713 2441 .
730 2428 761 2442 ..
784 2378 898 2461 νομίζω
918 2378 952 2440 δὲ
976 2379 1024 2461 μὰ
1046 2379 1129 2452 τοὺς
1153 2378 1264 2452 θεοὺς

297 2482 359 2544 οὐδ’
385 2484 477 2547 ὅσιον.

227 2587 279 2669 25,
305 2587 349 2651 85
384 2590 419 2652 ού
452 2589 553 2674 μέντοι
584 2594 634 2676 μοί
664 2595 756 2667 τοὺς
785 2592 910 2669 θεοὺς
940 2591 1038 2676 τούτῳ
1062 2593 1089 2677 γ’
1115 2591 1265 2675 ὑπάρχειν

297 2694 420 2778 ὁμοίους
445 2700 547 2781 οίομαι
571 2698 696 2775 τούτους

226 2802 277 2882 23,
303 2801 345 2867 57
371 2806 419 2887 μοί
434 2807 518 2880 τοὺς
535 2806 658 2890 θεούς,
678 2807 741 2891 ἐγὼ
758 2809 812 2891 μὲν
824 2809 883 2870 ούιι
896 2808 932 2870 ἂν
945 2810 1044 2892 ἔχοιμι
1057 2808 1201 2886 ἐπιδείξαι
1217 2857 1264 2872 ...

225 2908 278 2991 37,
305 2908 370 2972 16*
477 2912 539 2974 οὐδ’
564 2913 662 2977 ὁτιοῦν
687 2914 814 2998 ἀδικῶν,
842 2915 892 2998 μὰ
916 2917 1008 2991 τοὺς
1031 2915 1169 2998 θεούς,
1201 2915 1263 2978 οὐδ’

298 3016 334 3079 οίν
358 3018 385 3078 εί
408 3039 434 3081 τι
458 3017 584 3102 γένοιτο,
610 3017 723 3104 ᾠήθην
747 3020 837 3105 δίκην
860 3041 909 3103 μοι
932 3020 1040 3104 λαχεῖν

226 3122 321 3204 39,1
367 3121 503 3209 Οὐδεμιᾷ
538 3126 811 3212 φιλοπραγμοσύνῃ
844 3130 893 3212 μοί
923 3131 1016 3204 τοὺς
1047 3129 1186 3212 θεούς,

296 3225 352 3312 την
375 3230 465 3315 δίκην
488 3232 601 3317 ταύτην
625 3234 741 3318 ἔλαχον
924 3245 926 3250 ’

225 3335 277 3418 54,
303 3338 323 3399 6
354 3338 389 3400 ού
414 3338 473 3421 μὴν
497 3341 597 3425 ἔγωγε
621 3344 671 3425 μοί
694 3345 787 3418 τοὺς
811 3344 935 3419 θεοὺς
951 3344 972 3425 ¹)
998 3344 1085 3427 ᾤμην
1109 3343 1169 3406 δεῖν
1194 3344 1264 3405 οὔτε
1316 3337 1318 3341 ’

296 3443 386 3528 δίκην
409 3444 516 3529 λαχεῖν
540 3496 594 3510 ...

225 3549 278 3632 54,
303 3550 346 3614 26
449 3537 704 3618 καίπεπονθίναι
725 3557 763 3618 τοί
787 3557 840 3619 καί
862 3555 909 3639 τοί,
934 3557 954 3619 ἂ
978 3558 1025 3640 μοί
1047 3559 1130 3632 τοὺς
1154 3558 1264 3632 θεοὺς

297 3660 393 3736 οὐδεὶς
417 3662 498 3738 ύστις
522 3663 580 3725 οὐκ
604 3662 738 3747 ἐπετίμα.

226 3765 278 3849 54,
303 3768 346 3831 36
453 3769 516 3833 οὐδ’
542 3771 578 3833 ἂν
601 3771 694 3834 εἰπεῖν
718 3775 765 3855 μὰ
788 3775 872 3848 τούς
896 3774 1007 3848 θεοὺς
1031 3770 1180 3857 δυναίμην

227 3872 341 3938 exord.
366 3874 419 3958 45,
447 3875 490 3938 l*
521 3879 674 3963 οὔτεγὰρ
699 3878 795 3963 τούτῳ
820 3878 973 3955 κακόνους
1002 3880 1058 3963 είμί
1091 3882 1141 3964 μοί
1172 3883 1264 3957 τοὺς

298 3981 423 4058 θεοὺς

230 4214 249 4286 ¹)
278 4219 315 4282 μὰ
334 4219 395 4282 τούς
414 4219 496 4282 θεούς
515 4221 584 4270 ante
606 4189 635 4270 ου
655 4223 769 4290 ponunt
787 4219 810 4272 F
823 4223 841 4271 Σ
856 4223 880 4272 Φ
895 4219 914 4272 k
927 4236 949 4272 r.
970 4250 1001 4258 -
1022 4237 1048 4274 ν.
1068 4217 1159 4272 insta.
