2850 4560
678 64 897 131 ..18-

315 262 368 345 25,
392 261 437 327 40
467 260 495 326 τί
518 263 572 324 οὗν
596 261 684 338 οὗτός
708 262 784 345 ἐστι,
808 261 893 325 κύων
917 263 959 346 νή
984 262 1062 346 Δία,
1085 263 1161 346 φασί
1183 285 1272 347 τινες,
1295 275 1350 330 τοῦ

387 367 498 454 δήμου.

314 475 367 557 25,
391 474 435 538 42
460 475 543 539 ἀλλὰ
563 475 605 559 νή
623 474 700 560 Δία,
723 486 821 559 ταῦτα
843 478 897 560 μὲν
919 479 1016 554 οὕτως
1032 479 1115 562 ἐχειν
1132 478 1352 565 ὁμολογήσετε,

385 582 540 668 χρήσιμον
563 583 589 646 δ’
615 584 786 666 ἄνθρωπον
808 593 848 669 τή
871 584 960 648 πόλει
983 584 1096 667 κρίνειν
1121 638 1179 653 ...

314 689 367 773 25,
392 690 435 755 67
460 689 542 753 ἀλλὰ
557 689 598 772 νή
616 689 681 752 Δία
697 692 743 754 ότ.
759 693 814 766 τὰς
831 689 968 769 ἐνδείξεις
980 693 1073 754 αὐτοῦ
1087 691 1352 777 κατεψηφίσασθε

386 850 446 864 ...
471 797 523 861 διὰ
545 797 639 861 ταῦθ’.
661 798 731 882 ὑμῖν
754 799 859 875 εὔνους
883 797 972 864 ἐστίν.

313 907 366 991 25,
391 906 433 971 73
469 907 506 968 ἂν
529 904 586 990 ἐλή
700 905 849 988 τόέσταις
887 904 1148 990 ἐξαλειφθήσεται
1184 909 1228 991 νή
1262 907 1351 992 Δία,

385 1014 402 1077 ό
426 1014 451 1077 δ’
477 1011 765 1097 ἀντεγγραφήσεται
789 1066 796 1079 .
816 1064 849 1079 ..

314 1122 367 1205 25,
393 1121 435 1186 77
458 1120 486 1185 τί
509 1123 570 1205 γὰρ
595 1120 637 1198 ὡς
662 1120 795 1205 ἀληθῶς
819 1121 895 1204 ἐρεῖ,
920 1123 964 1185 ιὐν
985 1121 1002 1184 ό
1022 1121 1128 1206 πατήρ
1149 1145 1176 1186 τι
1196 1123 1350 1208 πεποίηκε

384 1228 430 1311 νή
454 1226 535 1295 Δία.

312 1335 365 1418 25,
390 1335 432 1400 77
465 1333 547 1397 ἀλλὰ
569 1334 614 1416 νή
638 1331 725 1416 Δία,
754 1334 779 1397 εἰ
802 1333 886 1397 ταῦτ’
911 1334 991 1399 ἐστὶν
1015 1335 1100 1420 αὐτῷ
1123 1336 1275 1420 δυσχερή,
1307 1337 1349 1413 εἰς

383 1443 436 1507 τόν
459 1440 570 1505 ἑαυτοῦ
595 1439 658 1525 βίον
680 1438 916 1521 καταφεύξεται.

312 1548 365 1632 25,
391 1549 434 1613 78
469 1548 551 1612 ἀλλὰ
581 1548 626 1632 νή
654 1546 741 1632 Δία,
773 1549 827 1610 καὶ
849 1551 946 1632 χωρὶς
968 1548 1083 1614 τούτων
1106 1559 1262 1634 συγγενεῖς
1286 1603 1292 1616 .
1313 1602 1345 1616 ..

384 1658 477 1721 αὐτόν
501 1655 722 1740 ἐξαιτήσονται.

311 1764 363 1848 25,
390 1765 432 1829 79
467 1763 535 1827 ἀλλ’
567 1762 628 1827 οὔτ’
660 1763 732 1827 εἰσὶν
763 1762 825 1826 οὔτ’
853 1762 996 1848 ἐγένσντο
1027 1761 1154 1828 πώποτε
1264 1762 1347 1846 πλήν

383 1873 445 1935 ἐστι
470 1871 514 1953 νή
540 1869 627 1954 Δία,
650 1873 731 1936 ἐστιν
755 1869 890 1954 ἀδελφός
915 1922 974 1937 ...

311 1978 363 2061 25,
387 1978 429 2042 81
465 1976 493 2041 τί
523 1979 577 2040 οὖν
606 1976 723 2059 λοιπόν,
758 2029 765 2043 .
792 2028 799 2043 .
827 2000 848 2059 .;
887 1977 908 2039 ἃ
942 1979 1034 2040 κοινὰ
1068 1978 1113 2060 νή
1148 1975 1221 2041 Δία
1255 1987 1348 2042 πᾱαν

382 2085 601 2169 ὑπάρχει

310 2192 362 2276 31,
390 2192 431 2256 10
471 2190 567 2255 Ἀλλὰ
597 2192 643 2275 νή
675 2189 746 2255 Δία
775 2193 850 2267 ἴσως
881 2193 951 2276 οὐχὶ
984 2190 1072 2255 πάντ)
1104 2191 1189 2275 αὐτῷ
1219 2200 1346 2254 τοιαῦτα

379 2301 566 2383 πέπρακται.

309 2408 361 2491 32,
386 2407 429 2471 29
465 2407 490 2470 εἰ
521 2407 555 2470 δὲ
590 2407 881 2490 σεσυκοφάντηκας,
916 2407 953 2469 οὐ
988 2404 1264 2490 περιεργαζόμεθα
1299 2404 1344 2486 νή

380 2513 459 2580 Δία.
485 2511 553 2577 ἀλλ’
577 2512 721 2577 ἐκποδών
745 2513 825 2576 ἐστιν
849 2514 1063 2595 ἄνθρωπος’)

309 2622 360 2703 33,
385 2620 429 2684 25
461 2619 543 2683 ἀλλὰ
565 2618 610 2702 νή
635 2618 706 2682 Δία
730 2619 871 2702 εὐπόρως
894 2618 1026 2684 διέκειτο
1050 2671 1057 2686 .
1077 2671 1110 2686 ..

308 2729 360 2810 33,
386 2726 428 2791 37
460 2725 542 2789 ἀλλὰ
565 2725 610 2808 νή
634 2724 704 2788 Δία
729 2776 761 2792 ..
780 2777 787 2792 .
806 2724 998 2810 μαρτυρήσει
1014 2749 1057 2802 τις
1074 2727 1158 2811 αὐτῷ
1169 2725 1241 2795 ,κατ’
1259 2724 1343 2808 ἐμοῦ.

309 2835 361 2917 35,
386 2832 430 2896 48
461 2832 544 2896 ἀλλὰ
566 2841 626 2896 ποῦ
650 2832 715 2916 χρή
740 2831 845 2918 λαβεῖν
868 2832 960 2916 δίκην
985 2857 1058 2915 ...3
1090 2833 1173 2897 ἀλλὰ
1200 2833 1245 2915 νή
1273 2831 1345 2894 Δία

380 2943 468 3023 παρὰ
490 2948 534 3024 τῷ
559 2938 684 3025 βασλεῐ.

309 3049 361 3131 36,
386 3047 429 3111 39
461 3047 543 3111 ἀλλὰ
566 3047 611 3130 νή
637 3045 708 3110 Δία
731 3047 822 3109 ταῦθ’
847 3044 868 3129 ἡ
893 3045 981 3122 πόλις
1004 3047 1113 3132 εἴληφε

309 3160 361 3239 36,
386 3156 429 3219 55
460 3158 513 3220 καὶ
535 3157 580 3240 νή
605 3156 676 3219 Δία
699 3158 800 3241 ἐγωγε
824 3156 939 3240 νομίζω
962 3157 1058 3220 πάνθ’
1083 3158 1143 3220 όσα
1168 3207 1226 3221 ...
1252 3155 1345 3218 εἰπεῖν

308 3264 360 3345 37,
385 3263 428 3327 27
459 3263 539 3339 τίνος
562 3265 624 3348 γὰρ
648 3264 753 3327 ἕνεκεν
777 3264 917 3345 ἐπειθον;
948 3265 996 3328 ἵνα
1023 3264 1069 3346 νή
1095 3262 1166 3326 Δία
1195 3262 1343 3338 αὐτοὺς

379 3369 553 3455 κτήσωμαι.

307 3477 360 3561 38,
387 3478 425 3542 11
459 3487 526 3554 πῶς
549 3479 603 3541 οὖν
627 3476 817 3560 εἰςιπραξεν,
848 3478 967 3563 ἔπεμψε
998 3477 1044 3559 νή
1075 3475 1163 3558 Δία,
1197 3477 1276 3539 εἴποι
1299 3497 1343 3552 τις

380 3587 425 3668 ἄν,
449 3587 501 3649 τόν
524 3585 737 3670 κομιούμενον.

308 3691 359 3775 39,
386 3694 405 3758 7
436 3692 488 3757 τίν’
512 3691 586 3779 ἡμῖν
611 3745 671 3760 ...
697 3692 828 3771 ἐπιτάξει
852 3692 982 3775 τρόπον;
1013 3690 1034 3774 ή
1063 3692 1179 3754 οἴσουσι
1203 3690 1248 3774 νή
1273 3690 1343 3754 342

378 3801 407 3864 οἱ
432 3799 560 3882 φυλέται

307 3905 404 3989 39,9
438 3905 618 3991 τόσημεῐον
642 3908 739 3987 ἐσται,
769 3905 901 3987 πότερον
929 3904 1129 3987 καθιστᾶσα
1163 3925 1341 3987 προςπαροι-

376 4012 529 4098 γράψσυσι
552 4013 597 4095 νή
621 4011 693 4075 Δία
715 4013 768 4076 τόν
791 4012 829 4076 ἐκ
853 4010 1037 4096 ΙΙλάγγονος
1061 4063 1068 4076 .
1088 4062 1121 4078 ..

307 4120 359 4203 39,
386 4119 429 4183 14
461 4122 517 4183 καὶ
539 4120 585 4204 νή
610 4119 681 4184 Δία
703 4121 800 4195 ἴσως
824 4118 942 4186 ἐστίν.

308 4229 400 4339 1)11”)ο
419 4266 475 4321 hoc
494 4266 558 4322 loco
577 4285 604 4323 v.
623 4266 708 4323 infru.
