<?xml version="1.0" encoding="UTF-8"?>
<!DOCTYPE html PUBLIC "-//W3C//DTD XHTML 1.0 Transitional//EN"
    "http://www.w3.org/TR/xhtml1/DTD/xhtml1-transitional.dtd">
<html xmlns="http://www.w3.org/1999/xhtml" xml:lang="en" lang="en">
 <head>
  <title>
</title>
<meta http-equiv="Content-Type" content="text/html;charset=utf-8" />
  <meta name='ocr-system' content='tesseract 3.04.00' />
  <meta name='ocr-capabilities' content='ocr_page ocr_carea ocr_par ocr_line ocrx_word'/>
</head>
<body>
  <div class='ocr_page' id='page_1' title='image "./devietusuprecan00kuehgoog_0051.png"; bbox 0 0 2850 4560; ppageno 0'>
   <div class='ocr_carea' id='block_1_1' title="bbox 648 104 867 168">
    <p class='ocr_par' dir='ltr' id='par_1_1' title="bbox 648 104 867 168">
     <span class='ocr_line' id='line_1_1' title="bbox 648 104 867 168; baseline 0 -16"><span class='ocrx_word' id='word_1_1' title='bbox 648 104 867 168; x_wconf 60' lang='lat'><strong>..44-</strong></span> 
     </span>
    </p>
   </div>
   <div class='ocr_carea' id='block_1_2' title="bbox 194 299 1327 3596">
    <p class='ocr_par' dir='ltr' id='par_1_2' title="bbox 194 299 1327 1555">
     <span class='ocr_line' id='line_1_2' title="bbox 194 299 1325 367; baseline 0.004 -3"><span class='ocrx_word' id='word_1_2' title='bbox 194 299 354 366; x_wconf 83' lang='lat' dir='ltr'>habuisse</span> <span class='ocrx_word' id='word_1_3' title='bbox 385 306 419 364; x_wconf 92' lang='lat' dir='ltr'>et</span> <span class='ocrx_word' id='word_1_4' title='bbox 449 321 554 364; x_wconf 87' lang='lat' dir='ltr'>unam</span> <span class='ocrx_word' id='word_1_5' title='bbox 585 305 644 364; x_wconf 90' lang='lat' dir='ltr'>aut</span> <span class='ocrx_word' id='word_1_6' title='bbox 677 299 820 364; x_wconf 89' lang='lat' dir='ltr'>alteram</span> <span class='ocrx_word' id='word_1_7' title='bbox 851 300 900 365; x_wconf 89' lang='lat' dir='ltr'>ita</span> <span class='ocrx_word' id='word_1_8' title='bbox 932 299 1069 364; x_wconf 90' lang='lat' dir='ltr'>demum</span> <span class='ocrx_word' id='word_1_9' title='bbox 1100 310 1325 367; x_wconf 87' lang='lat' dir='ltr'>consecutum</span> 
     </span>
     <span class='ocr_line' id='line_1_3' title="bbox 195 406 1326 493; baseline 0.003 -21"><span class='ocrx_word' id='word_1_10' title='bbox 195 429 284 491; x_wconf 87' lang='lat' dir='ltr'>esse,</span> <span class='ocrx_word' id='word_1_11' title='bbox 328 413 367 472; x_wconf 91' lang='lat' dir='ltr'>ut</span> <span class='ocrx_word' id='word_1_12' title='bbox 405 406 580 472; x_wconf 76' lang='lat' dir='ltr'>accederet</span> <span class='ocrx_word' id='word_1_13' title='bbox 615 407 784 493; x_wconf 89' lang='lat' dir='ltr'>particula</span> <span class='ocrx_word' id='word_1_14' title='bbox 819 408 869 472; x_wconf 86' lang='grc' dir='ltr'>ναί</span> <span class='ocrx_word' id='word_1_15' title='bbox 904 415 963 473; x_wconf 89' lang='lat' dir='ltr'>aut</span> <span class='ocrx_word' id='word_1_16' title='bbox 998 410 1043 474; x_wconf 83' lang='grc' dir='ltr'>οὐ.</span> <span class='ocrx_word' id='word_1_17' title='bbox 1112 408 1207 486; x_wconf 80' lang='lat' dir='ltr'>Quae</span> <span class='ocrx_word' id='word_1_18' title='bbox 1243 433 1326 475; x_wconf 91' lang='lat' dir='ltr'>cum</span> 
     </span>
     <span class='ocr_line' id='line_1_4' title="bbox 195 514 1325 602; baseline 0.004 -24"><span class='ocrx_word' id='word_1_19' title='bbox 195 515 244 580; x_wconf 89' lang='lat' dir='ltr'>ita</span> <span class='ocrx_word' id='word_1_20' title='bbox 276 515 359 599; x_wconf 86' lang='lat' dir='ltr'>sint,</span> <span class='ocrx_word' id='word_1_21' title='bbox 392 515 604 600; x_wconf 81' lang='lat' dir='ltr'>probabilius</span> <span class='ocrx_word' id='word_1_22' title='bbox 637 537 708 580; x_wconf 85' lang='lat' dir='ltr'>esse</span> <span class='ocrx_word' id='word_1_23' title='bbox 739 514 891 598; x_wconf 81' lang='lat' dir='ltr'>videtur,</span> <span class='ocrx_word' id='word_1_24' title='bbox 924 515 1016 601; x_wconf 89' lang='lat' dir='ltr'>quod</span> <span class='ocrx_word' id='word_1_25' title='bbox 1047 517 1285 601; x_wconf 83' lang='lat' dir='ltr'>Naegelsbach</span> <span class='ocrx_word' id='word_1_26' title='bbox 1300 521 1325 602; x_wconf 90' lang='lat'>¹)</span> 
     </span>
     <span class='ocr_line' id='line_1_5' title="bbox 195 620 1327 702; baseline 0.004 -17"><span class='ocrx_word' id='word_1_27' title='bbox 195 621 333 702; x_wconf 85' lang='lat' dir='ltr'>statuit,</span> <span class='ocrx_word' id='word_1_28' title='bbox 373 643 449 686; x_wconf 91' lang='lat' dir='ltr'>cum</span> <span class='ocrx_word' id='word_1_29' title='bbox 482 620 570 686; x_wconf 85' lang='lat' dir='ltr'>dixit</span> <span class='ocrx_word' id='word_1_30' title='bbox 604 621 668 686; x_wconf 92' lang='lat' dir='ltr'>hoc</span> <span class='ocrx_word' id='word_1_31' title='bbox 699 623 902 687; x_wconf 89' lang='lat' dir='ltr'>vocabulum</span> <span class='ocrx_word' id='word_1_32' title='bbox 934 622 1162 687; x_wconf 89' lang='lat' dir='ltr'>derivandum</span> <span class='ocrx_word' id='word_1_33' title='bbox 1198 646 1270 689; x_wconf 90' lang='lat' dir='ltr'>esse</span> <span class='ocrx_word' id='word_1_34' title='bbox 1304 649 1327 691; x_wconf 88' lang='lat' dir='ltr'>a</span> 
     </span>
     <span class='ocr_line' id='line_1_6' title="bbox 195 718 1325 819; baseline 0.004 -23"><span class='ocrx_word' id='word_1_35' title='bbox 195 730 364 817; x_wconf 87' lang='lat' dir='ltr'>particula</span> <span class='ocrx_word' id='word_1_36' title='bbox 387 718 448 815; x_wconf 76' lang='grc' dir='ltr'>μήν</span> <span class='ocrx_word' id='word_1_37' title='bbox 472 732 556 816; x_wconf 78' lang='grc' dir='ltr'>(μάν,</span> <span class='ocrx_word' id='word_1_38' title='bbox 581 731 659 817; x_wconf 84' lang='grc' dir='ltr'>μὲν).</span> <span class='ocrx_word' id='word_1_39' title='bbox 671 734 696 815; x_wconf 78' lang='lat'>²)</span> <span class='ocrx_word' id='word_1_40' title='bbox 744 731 820 808; x_wconf 78' lang='lat' dir='ltr'>Quo</span> <span class='ocrx_word' id='word_1_41' title='bbox 839 752 997 796; x_wconf 87' lang='lat' dir='ltr'>concesso</span> <span class='ocrx_word' id='word_1_42' title='bbox 1014 738 1086 795; x_wconf 92' lang='lat' dir='ltr'>tum</span> <span class='ocrx_word' id='word_1_43' title='bbox 1103 754 1185 797; x_wconf 90' lang='lat' dir='ltr'>vero</span> <span class='ocrx_word' id='word_1_44' title='bbox 1202 733 1325 819; x_wconf 88' lang='lat' dir='ltr'>liquet,</span> 
     </span>
     <span class='ocr_line' id='line_1_7' title="bbox 196 836 1325 922; baseline 0.006 -21"><span class='ocrx_word' id='word_1_45' title='bbox 196 859 263 922; x_wconf 89' lang='lat' dir='ltr'>qua</span> <span class='ocrx_word' id='word_1_46' title='bbox 283 836 417 901; x_wconf 89' lang='lat' dir='ltr'>ratione</span> <span class='ocrx_word' id='word_1_47' title='bbox 438 836 582 901; x_wconf 89' lang='lat' dir='ltr'>alicuius</span> <span class='ocrx_word' id='word_1_48' title='bbox 605 837 758 901; x_wconf 90' lang='lat' dir='ltr'>numinis</span> <span class='ocrx_word' id='word_1_49' title='bbox 782 858 879 902; x_wconf 87' lang='lat' dir='ltr'>casus</span> <span class='ocrx_word' id='word_1_50' title='bbox 904 837 1118 902; x_wconf 84' lang='lat' dir='ltr'>accusativus</span> <span class='ocrx_word' id='word_1_51' title='bbox 1142 837 1325 908; x_wconf 88' lang='lat' dir='ltr'>adiciatur.</span> 
     </span>
     <span class='ocr_line' id='line_1_8' title="bbox 194 941 1324 1029; baseline 0.003 -19"><span class='ocrx_word' id='word_1_52' title='bbox 194 944 313 1029; x_wconf 88' lang='lat' dir='ltr'>Neque</span> <span class='ocrx_word' id='word_1_53' title='bbox 341 944 432 1009; x_wconf 90' lang='lat' dir='ltr'>enim</span> <span class='ocrx_word' id='word_1_54' title='bbox 460 941 686 1028; x_wconf 85' lang='lat' dir='ltr'>dubitaveris,</span> <span class='ocrx_word' id='word_1_55' title='bbox 719 944 804 1029; x_wconf 90' lang='lat' dir='ltr'>quin</span> <span class='ocrx_word' id='word_1_56' title='bbox 835 944 872 1009; x_wconf 93' lang='lat' dir='ltr'>in</span> <span class='ocrx_word' id='word_1_57' title='bbox 903 944 958 1009; x_wconf 90' lang='lat' dir='ltr'>his</span> <span class='ocrx_word' id='word_1_58' title='bbox 988 943 1145 1009; x_wconf 85' lang='lat' dir='ltr'>formulis</span> <span class='ocrx_word' id='word_1_59' title='bbox 1175 947 1324 1013; x_wconf 83' lang='lat' dir='ltr'>verbum</span> 
     </span>
     <span class='ocr_line' id='line_1_9' title="bbox 196 1050 1325 1136; baseline 0.004 -21"><span class='ocrx_word' id='word_1_60' title='bbox 196 1053 307 1136; x_wconf 79' lang='grc' dir='ltr'>ὄμνυμι</span> <span class='ocrx_word' id='word_1_61' title='bbox 339 1050 440 1115; x_wconf 90' lang='lat' dir='ltr'>simul</span> <span class='ocrx_word' id='word_1_62' title='bbox 473 1050 641 1117; x_wconf 83' lang='lat' dir='ltr'>audiatur.</span> <span class='ocrx_word' id='word_1_63' title='bbox 695 1051 798 1115; x_wconf 91' lang='lat' dir='ltr'>Hunc</span> <span class='ocrx_word' id='word_1_64' title='bbox 828 1051 919 1115; x_wconf 88' lang='lat' dir='ltr'>enim</span> <span class='ocrx_word' id='word_1_65' title='bbox 944 1073 1060 1116; x_wconf 89' lang='lat' dir='ltr'>casum</span> <span class='ocrx_word' id='word_1_66' title='bbox 1083 1073 1153 1116; x_wconf 90' lang='lat' dir='ltr'>non</span> <span class='ocrx_word' id='word_1_67' title='bbox 1177 1075 1197 1117; x_wconf 90' lang='lat' dir='ltr'>a</span> <span class='ocrx_word' id='word_1_68' title='bbox 1220 1075 1325 1120; x_wconf 90' lang='lat' dir='ltr'>voca-</span> 
     </span>
     <span class='ocr_line' id='line_1_10' title="bbox 195 1157 1326 1244; baseline 0.004 -22"><span class='ocrx_word' id='word_1_69' title='bbox 195 1157 276 1223; x_wconf 92' lang='lat' dir='ltr'>bulo</span> <span class='ocrx_word' id='word_1_70' title='bbox 299 1157 350 1243; x_wconf 84' lang='grc' dir='ltr'>μά,</span> <span class='ocrx_word' id='word_1_71' title='bbox 371 1157 466 1222; x_wconf 86' lang='lat' dir='ltr'>velut</span> <span class='ocrx_word' id='word_1_72' title='bbox 487 1157 741 1243; x_wconf 74' lang='lat' dir='ltr'>praepositione</span> <span class='ocrx_word' id='word_1_73' title='bbox 763 1157 900 1240; x_wconf 82' lang='lat' dir='ltr'>(Latine</span> <span class='ocrx_word' id='word_1_74' title='bbox 920 1180 981 1244; x_wconf 87' lang='lat' dir='ltr'>per</span> <span class='ocrx_word' id='word_1_75' title='bbox 996 1157 1117 1223; x_wconf 83' lang='lat' dir='ltr'>lovem</span> <span class='ocrx_word' id='word_1_76' title='bbox 1133 1198 1175 1206; x_wconf 90' lang='lat'><em>-</em></span> <span class='ocrx_word' id='word_1_77' title='bbox 1192 1159 1326 1227; x_wconf 86' lang='lat' dir='ltr'>scilicet</span> 
     </span>
     <span class='ocr_line' id='line_1_11' title="bbox 196 1263 1326 1350; baseline 0.005 -22"><span class='ocrx_word' id='word_1_78' title='bbox 196 1263 272 1329; x_wconf 91' lang='lat' dir='ltr'>iuro</span> <span class='ocrx_word' id='word_1_79' title='bbox 298 1270 353 1346; x_wconf 93' lang='grc'>-)</span> <span class='ocrx_word' id='word_1_80' title='bbox 385 1263 532 1350; x_wconf 90' lang='lat' dir='ltr'>pendere</span> <span class='ocrx_word' id='word_1_81' title='bbox 563 1286 604 1327; x_wconf 90' lang='lat' dir='ltr'>ex</span> <span class='ocrx_word' id='word_1_82' title='bbox 633 1285 671 1328; x_wconf 89' lang='lat' dir='ltr'>eo</span> <span class='ocrx_word' id='word_1_83' title='bbox 700 1264 896 1349; x_wconf 78' lang='lat' dir='ltr'>intellegaS,</span> <span class='ocrx_word' id='word_1_84' title='bbox 930 1263 1022 1348; x_wconf 91' lang='lat' dir='ltr'>quod</span> <span class='ocrx_word' id='word_1_85' title='bbox 1046 1265 1230 1330; x_wconf 84' lang='lat' dir='ltr'>Dorienses</span> <span class='ocrx_word' id='word_1_86' title='bbox 1258 1266 1326 1334; x_wconf 91' lang='lat' dir='ltr'>hac</span> 
     </span>
     <span class='ocr_line' id='line_1_12' title="bbox 195 1370 1325 1458; baseline 0.003 -22"><span class='ocrx_word' id='word_1_87' title='bbox 195 1371 364 1458; x_wconf 89' lang='lat' dir='ltr'>particula</span> <span class='ocrx_word' id='word_1_88' title='bbox 392 1370 518 1435; x_wconf 89' lang='lat' dir='ltr'>omissa</span> <span class='ocrx_word' id='word_1_89' title='bbox 547 1378 662 1434; x_wconf 88' lang='lat' dir='ltr'>tamen</span> <span class='ocrx_word' id='word_1_90' title='bbox 686 1374 733 1435; x_wconf 79' lang='grc' dir='ltr'>ναὶ</span> <span class='ocrx_word' id='word_1_91' title='bbox 756 1373 799 1435; x_wconf 87' lang='grc' dir='ltr'>τὼ</span> <span class='ocrx_word' id='word_1_92' title='bbox 824 1371 880 1435; x_wconf 81' lang='grc' dir='ltr'>σιώ</span> <span class='ocrx_word' id='word_1_93' title='bbox 909 1392 985 1435; x_wconf 88' lang='lat' dir='ltr'>cum</span> <span class='ocrx_word' id='word_1_94' title='bbox 1010 1371 1205 1436; x_wconf 83' lang='lat' dir='ltr'>accusativo</span> <span class='ocrx_word' id='word_1_95' title='bbox 1230 1372 1325 1439; x_wconf 92' lang='lat' dir='ltr'>dice·</span> 
     </span>
     <span class='ocr_line' id='line_1_13' title="bbox 195 1475 724 1555; baseline -0.008 -11"><span class='ocrx_word' id='word_1_96' title='bbox 195 1477 290 1544; x_wconf 90' lang='lat' dir='ltr'>bant.</span> <span class='ocrx_word' id='word_1_97' title='bbox 346 1476 414 1543; x_wconf 87' lang='lat' dir='ltr'>Sed</span> <span class='ocrx_word' id='word_1_98' title='bbox 436 1475 520 1541; x_wconf 91' lang='lat' dir='ltr'>haec</span> <span class='ocrx_word' id='word_1_99' title='bbox 543 1477 724 1555; x_wconf 87' lang='lat' dir='ltr'>hactenus!</span> 
     </span>
    </p>

    <p class='ocr_par' dir='ltr' id='par_1_3' title="bbox 195 1583 1326 3596">
     <span class='ocr_line' id='line_1_14' title="bbox 285 1583 1326 1669; baseline 0.002 -21"><span class='ocrx_word' id='word_1_100' title='bbox 285 1583 486 1648; x_wconf 85' lang='lat' dir='ltr'>Proximum</span> <span class='ocrx_word' id='word_1_101' title='bbox 507 1590 567 1667; x_wconf 90' lang='lat' dir='ltr'>est,</span> <span class='ocrx_word' id='word_1_102' title='bbox 588 1590 627 1647; x_wconf 91' lang='lat' dir='ltr'>ut</span> <span class='ocrx_word' id='word_1_103' title='bbox 648 1605 715 1669; x_wconf 90' lang='lat' dir='ltr'>qua</span> <span class='ocrx_word' id='word_1_104' title='bbox 736 1584 869 1648; x_wconf 88' lang='lat' dir='ltr'>ratione</span> <span class='ocrx_word' id='word_1_105' title='bbox 886 1583 1077 1648; x_wconf 89' lang='lat' dir='ltr'>iuramenta</span> <span class='ocrx_word' id='word_1_106' title='bbox 1093 1585 1326 1669; x_wconf 88' lang='lat' dir='ltr'>negativavo·</span> 
     </span>
     <span class='ocr_line' id='line_1_15' title="bbox 196 1688 1325 1776; baseline 0 -18"><span class='ocrx_word' id='word_1_107' title='bbox 196 1692 317 1758; x_wconf 85' lang='lat' dir='ltr'>cabulo</span> <span class='ocrx_word' id='word_1_108' title='bbox 331 1691 375 1776; x_wconf 83' lang='grc' dir='ltr'>μά</span> <span class='ocrx_word' id='word_1_109' title='bbox 391 1688 656 1771; x_wconf 86' lang='lat' dir='ltr'>conformentur,</span> <span class='ocrx_word' id='word_1_110' title='bbox 673 1689 791 1776; x_wconf 84' lang='lat' dir='ltr'>paucis</span> <span class='ocrx_word' id='word_1_111' title='bbox 808 1711 986 1775; x_wconf 87' lang='lat' dir='ltr'>exponam.</span> <span class='ocrx_word' id='word_1_112' title='bbox 1023 1689 1137 1776; x_wconf 88' lang='lat' dir='ltr'>Atque</span> <span class='ocrx_word' id='word_1_113' title='bbox 1150 1692 1325 1759; x_wconf 90' lang='lat' dir='ltr'>Homerus</span> 
     </span>
     <span class='ocr_line' id='line_1_16' title="bbox 196 1795 1326 1882; baseline 0.001 -18"><span class='ocrx_word' id='word_1_114' title='bbox 196 1798 269 1864; x_wconf 84' lang='lat' dir='ltr'>sive</span> <span class='ocrx_word' id='word_1_115' title='bbox 293 1795 409 1862; x_wconf 90' lang='lat' dir='ltr'>dedita</span> <span class='ocrx_word' id='word_1_116' title='bbox 433 1817 536 1882; x_wconf 87' lang='lat' dir='ltr'>opera</span> <span class='ocrx_word' id='word_1_117' title='bbox 560 1796 633 1860; x_wconf 90' lang='lat' dir='ltr'>sive</span> <span class='ocrx_word' id='word_1_118' title='bbox 657 1818 752 1880; x_wconf 86' lang='lat' dir='ltr'>casu,</span> <span class='ocrx_word' id='word_1_119' title='bbox 785 1797 834 1862; x_wconf 90' lang='lat' dir='ltr'>ita</span> <span class='ocrx_word' id='word_1_120' title='bbox 857 1818 1059 1882; x_wconf 87' lang='lat' dir='ltr'>componere</span> <span class='ocrx_word' id='word_1_121' title='bbox 1082 1797 1214 1862; x_wconf 75' lang='lat' dir='ltr'>solebat</span> <span class='ocrx_word' id='word_1_122' title='bbox 1237 1797 1326 1865; x_wconf 91' lang='lat' dir='ltr'>haec</span> 
     </span>
     <span class='ocr_line' id='line_1_17' title="bbox 195 1901 1326 1991; baseline 0 -21"><span class='ocrx_word' id='word_1_123' title='bbox 195 1904 399 1987; x_wconf 88' lang='lat' dir='ltr'>iuramenta,</span> <span class='ocrx_word' id='word_1_124' title='bbox 423 1910 462 1968; x_wconf 92' lang='lat' dir='ltr'>ut</span> <span class='ocrx_word' id='word_1_125' title='bbox 482 1902 651 1988; x_wconf 87' lang='lat' dir='ltr'>particula</span> <span class='ocrx_word' id='word_1_126' title='bbox 675 1905 710 1966; x_wconf 84' lang='grc' dir='ltr'>οὐ</span> <span class='ocrx_word' id='word_1_127' title='bbox 735 1901 949 1968; x_wconf 79' lang='lat' dir='ltr'>antecederet</span> <span class='ocrx_word' id='word_1_128' title='bbox 967 1903 1032 1968; x_wconf 93' lang='lat' dir='ltr'>hoc</span> <span class='ocrx_word' id='word_1_129' title='bbox 1051 1903 1257 1969; x_wconf 90' lang='lat' dir='ltr'>vocabulum</span> <span class='ocrx_word' id='word_1_130' title='bbox 1279 1907 1326 1991; x_wconf 81' lang='grc' dir='ltr'>μά</span> 
     </span>
     <span class='ocr_line' id='line_1_18' title="bbox 196 2008 1323 2097; baseline -0.001 -20"><span class='ocrx_word' id='word_1_131' title='bbox 196 2011 365 2097; x_wconf 88' lang='lat' dir='ltr'>simulque</span> <span class='ocrx_word' id='word_1_132' title='bbox 389 2010 498 2075; x_wconf 89' lang='lat' dir='ltr'>altera</span> <span class='ocrx_word' id='word_1_133' title='bbox 520 2008 661 2093; x_wconf 87' lang='lat' dir='ltr'>negatio</span> <span class='ocrx_word' id='word_1_134' title='bbox 685 2009 834 2095; x_wconf 87' lang='lat' dir='ltr'>priorem</span> <span class='ocrx_word' id='word_1_135' title='bbox 859 2009 1078 2096; x_wconf 79' lang='lat' dir='ltr'>exciperet;³)</span> <span class='ocrx_word' id='word_1_136' title='bbox 1114 2011 1323 2096; x_wconf 85' lang='lat' dir='ltr'>posteriores</span> 
     </span>
     <span class='ocr_line' id='line_1_19' title="bbox 197 2113 1326 2203; baseline 0.001 -19"><span class='ocrx_word' id='word_1_137' title='bbox 197 2125 311 2184; x_wconf 91' lang='lat' dir='ltr'>autem</span> <span class='ocrx_word' id='word_1_138' title='bbox 340 2117 522 2203; x_wconf 87' lang='lat' dir='ltr'>scriptores</span> <span class='ocrx_word' id='word_1_139' title='bbox 555 2113 619 2180; x_wconf 90' lang='lat' dir='ltr'>hac</span> <span class='ocrx_word' id='word_1_140' title='bbox 650 2115 725 2199; x_wconf 91' lang='lat' dir='ltr'>lege</span> <span class='ocrx_word' id='word_1_141' title='bbox 756 2116 914 2200; x_wconf 86' lang='lat' dir='ltr'>neglecta</span> <span class='ocrx_word' id='word_1_142' title='bbox 941 2116 1042 2180; x_wconf 91' lang='lat' dir='ltr'>modo</span> <span class='ocrx_word' id='word_1_143' title='bbox 1067 2117 1326 2203; x_wconf 85' lang='lat' dir='ltr'>anteponebant</span> 
     </span>
     <span class='ocr_line' id='line_1_20' title="bbox 197 2222 1325 2312; baseline 0.003 -23"><span class='ocrx_word' id='word_1_144' title='bbox 197 2224 348 2310; x_wconf 89' lang='lat' dir='ltr'>aliquam</span> <span class='ocrx_word' id='word_1_145' title='bbox 371 2223 585 2308; x_wconf 82' lang='lat' dir='ltr'>negativam,</span> <span class='ocrx_word' id='word_1_146' title='bbox 614 2222 715 2287; x_wconf 90' lang='lat' dir='ltr'>modo</span> <span class='ocrx_word' id='word_1_147' title='bbox 739 2224 1001 2310; x_wconf 83' lang='lat' dir='ltr'>postponebant.</span> <span class='ocrx_word' id='word_1_148' title='bbox 1053 2223 1128 2289; x_wconf 88' lang='lat' dir='ltr'>Iam</span> <span class='ocrx_word' id='word_1_149' title='bbox 1152 2246 1234 2289; x_wconf 85' lang='lat' dir='ltr'>vero</span> <span class='ocrx_word' id='word_1_150' title='bbox 1258 2248 1325 2312; x_wconf 91' lang='lat' dir='ltr'>pro</span> 
     </span>
     <span class='ocr_line' id='line_1_21' title="bbox 197 2329 1325 2419; baseline 0.002 -21"><span class='ocrx_word' id='word_1_151' title='bbox 197 2331 374 2419; x_wconf 86' lang='lat' dir='ltr'>explorato</span> <span class='ocrx_word' id='word_1_152' title='bbox 391 2329 516 2396; x_wconf 89' lang='lat' dir='ltr'>habere</span> <span class='ocrx_word' id='word_1_153' title='bbox 533 2351 713 2417; x_wconf 88' lang='lat' dir='ltr'>possumus</span> <span class='ocrx_word' id='word_1_154' title='bbox 730 2331 890 2415; x_wconf 79' lang='lat' dir='ltr'>Graecae,</span> <span class='ocrx_word' id='word_1_155' title='bbox 915 2353 992 2396; x_wconf 88' lang='lat' dir='ltr'>cum</span> <span class='ocrx_word' id='word_1_156' title='bbox 1014 2331 1103 2398; x_wconf 92' lang='lat' dir='ltr'>hanc</span> <span class='ocrx_word' id='word_1_157' title='bbox 1119 2333 1325 2419; x_wconf 84' lang='lat' dir='ltr'>particulam</span> 
     </span>
     <span class='ocr_line' id='line_1_22' title="bbox 198 2437 1325 2526; baseline 0.003 -22"><span class='ocrx_word' id='word_1_158' title='bbox 198 2440 242 2526; x_wconf 77' lang='grc' dir='ltr'>μά</span> <span class='ocrx_word' id='word_1_159' title='bbox 271 2438 438 2504; x_wconf 79' lang='lat' dir='ltr'>vocabulo</span> <span class='ocrx_word' id='word_1_160' title='bbox 470 2437 519 2501; x_wconf 81' lang='grc' dir='ltr'>ναί</span> <span class='ocrx_word' id='word_1_161' title='bbox 551 2437 706 2502; x_wconf 87' lang='lat' dir='ltr'>orbatam</span> <span class='ocrx_word' id='word_1_162' title='bbox 738 2445 798 2503; x_wconf 89' lang='lat' dir='ltr'>aut</span> <span class='ocrx_word' id='word_1_163' title='bbox 822 2439 928 2503; x_wconf 89' lang='lat' dir='ltr'>oculis</span> <span class='ocrx_word' id='word_1_164' title='bbox 959 2445 1019 2503; x_wconf 90' lang='lat' dir='ltr'>aut</span> <span class='ocrx_word' id='word_1_165' title='bbox 1042 2439 1183 2504; x_wconf 88' lang='lat' dir='ltr'>auribus</span> <span class='ocrx_word' id='word_1_166' title='bbox 1207 2461 1325 2526; x_wconf 89' lang='lat' dir='ltr'>perce-</span> 
     </span>
     <span class='ocr_line' id='line_1_23' title="bbox 197 2543 1324 2633; baseline 0.004 -24"><span class='ocrx_word' id='word_1_167' title='bbox 197 2545 337 2633; x_wconf 86' lang='lat' dir='ltr'>pissent,</span> <span class='ocrx_word' id='word_1_168' title='bbox 363 2543 441 2609; x_wconf 93' lang='lat' dir='ltr'>ilico</span> <span class='ocrx_word' id='word_1_169' title='bbox 467 2543 598 2629; x_wconf 90' lang='lat' dir='ltr'>aliquid</span> <span class='ocrx_word' id='word_1_170' title='bbox 622 2551 787 2629; x_wconf 90' lang='lat' dir='ltr'>negatum</span> <span class='ocrx_word' id='word_1_171' title='bbox 810 2544 854 2609; x_wconf 92' lang='lat' dir='ltr'>iri</span> <span class='ocrx_word' id='word_1_172' title='bbox 878 2545 1097 2612; x_wconf 82' lang='lat' dir='ltr'>intellexisse.</span> <span class='ocrx_word' id='word_1_173' title='bbox 1150 2547 1227 2624; x_wconf 76' lang='lat' dir='ltr'>Quo</span> <span class='ocrx_word' id='word_1_174' title='bbox 1251 2546 1324 2615; x_wconf 89' lang='lat' dir='ltr'>fac·</span> 
     </span>
     <span class='ocr_line' id='line_1_24' title="bbox 197 2651 1325 2740; baseline 0.004 -22"><span class='ocrx_word' id='word_1_175' title='bbox 197 2661 271 2719; x_wconf 90' lang='lat' dir='ltr'>tum</span> <span class='ocrx_word' id='word_1_176' title='bbox 302 2660 368 2735; x_wconf 85' lang='lat' dir='ltr'>est,</span> <span class='ocrx_word' id='word_1_177' title='bbox 400 2658 440 2717; x_wconf 89' lang='lat' dir='ltr'>ut</span> <span class='ocrx_word' id='word_1_178' title='bbox 471 2651 543 2716; x_wconf 88' lang='lat' dir='ltr'>eius</span> <span class='ocrx_word' id='word_1_179' title='bbox 575 2653 710 2737; x_wconf 88' lang='lat' dir='ltr'>generis</span> <span class='ocrx_word' id='word_1_180' title='bbox 741 2652 902 2738; x_wconf 88' lang='lat' dir='ltr'>iuranda,</span> <span class='ocrx_word' id='word_1_181' title='bbox 934 2654 1030 2718; x_wconf 84' lang='lat' dir='ltr'>velut</span> <span class='ocrx_word' id='word_1_182' title='bbox 1062 2659 1105 2740; x_wconf 84' lang='grc' dir='ltr'>μὰ</span> <span class='ocrx_word' id='word_1_183' title='bbox 1129 2655 1194 2740; x_wconf 73' lang='grc' dir='ltr'><strong>Δία,</strong></span> <span class='ocrx_word' id='word_1_184' title='bbox 1224 2656 1325 2723; x_wconf 90' lang='lat' dir='ltr'>nulla</span> 
     </span>
     <span class='ocr_line' id='line_1_25' title="bbox 199 2758 1325 2848; baseline 0.003 -23"><span class='ocrx_word' id='word_1_185' title='bbox 199 2759 384 2845; x_wconf 85' lang='lat' dir='ltr'>negatione</span> <span class='ocrx_word' id='word_1_186' title='bbox 408 2758 574 2824; x_wconf 90' lang='lat' dir='ltr'>collocata</span> <span class='ocrx_word' id='word_1_187' title='bbox 597 2758 768 2824; x_wconf 88' lang='lat' dir='ltr'>efficerent</span> <span class='ocrx_word' id='word_1_188' title='bbox 791 2759 866 2846; x_wconf 90' lang='lat' dir='ltr'>ipsa</span> <span class='ocrx_word' id='word_1_189' title='bbox 894 2783 955 2847; x_wconf 87' lang='lat' dir='ltr'>per</span> <span class='ocrx_word' id='word_1_190' title='bbox 979 2782 1014 2824; x_wconf 89' lang='lat' dir='ltr'>se</span> <span class='ocrx_word' id='word_1_191' title='bbox 1038 2782 1239 2848; x_wconf 89' lang='lat' dir='ltr'>responsum</span> <span class='ocrx_word' id='word_1_192' title='bbox 1263 2785 1325 2830; x_wconf 90' lang='lat' dir='ltr'>ne·</span> 
     </span>
     <span class='ocr_line' id='line_1_26' title="bbox 198 2866 1325 2954; baseline 0.004 -22"><span class='ocrx_word' id='word_1_193' title='bbox 198 2866 367 2952; x_wconf 87' lang='lat' dir='ltr'>gativum.</span> <span class='ocrx_word' id='word_1_194' title='bbox 378 2869 404 2949; x_wconf 85' lang='lat'>⁴)</span> <span class='ocrx_word' id='word_1_195' title='bbox 458 2866 572 2953; x_wconf 84' lang='lat' dir='ltr'>Atque</span> <span class='ocrx_word' id='word_1_196' title='bbox 597 2867 680 2932; x_wconf 91' lang='lat' dir='ltr'>haec</span> <span class='ocrx_word' id='word_1_197' title='bbox 707 2890 772 2950; x_wconf 85' lang='lat' dir='ltr'>res,</span> <span class='ocrx_word' id='word_1_198' title='bbox 803 2869 1051 2954; x_wconf 90' lang='lat' dir='ltr'>utaliquando</span> <span class='ocrx_word' id='word_1_199' title='bbox 1075 2870 1253 2935; x_wconf 89' lang='lat' dir='ltr'>veniamus</span> <span class='ocrx_word' id='word_1_200' title='bbox 1278 2872 1325 2938; x_wconf 91' lang='lat' dir='ltr'>ad</span> 
     </span>
     <span class='ocr_line' id='line_1_27' title="bbox 198 2972 1325 3062; baseline 0.004 -23"><span class='ocrx_word' id='word_1_201' title='bbox 198 2981 368 3055; x_wconf 87' lang='lat' dir='ltr'>oratores,</span> <span class='ocrx_word' id='word_1_202' title='bbox 408 2972 646 3039; x_wconf 91' lang='lat' dir='ltr'>tantummodo</span> <span class='ocrx_word' id='word_1_203' title='bbox 680 2974 850 3060; x_wconf 89' lang='lat' dir='ltr'>reperitur</span> <span class='ocrx_word' id='word_1_204' title='bbox 886 2975 976 3062; x_wconf 89' lang='lat' dir='ltr'>apud</span> <span class='ocrx_word' id='word_1_205' title='bbox 1010 2974 1216 3041; x_wconf 90' lang='lat' dir='ltr'>Aeschinem</span> <span class='ocrx_word' id='word_1_206' title='bbox 1251 3001 1325 3044; x_wconf 92' lang='lat' dir='ltr'>uno</span> 
     </span>
     <span class='ocr_line' id='line_1_28' title="bbox 197 3079 1326 3171; baseline 0.004 -26"><span class='ocrx_word' id='word_1_207' title='bbox 197 3081 271 3146; x_wconf 90' lang='lat' dir='ltr'>loco</span> <span class='ocrx_word' id='word_1_208' title='bbox 297 3081 326 3163; x_wconf 91' lang='lat'>1,</span> <span class='ocrx_word' id='word_1_209' title='bbox 349 3080 408 3144; x_wconf 82' lang='lat'>88:</span> <span class='ocrx_word' id='word_1_210' title='bbox 433 3079 460 3143; x_wconf 78' lang='grc' dir='ltr'>τί</span> <span class='ocrx_word' id='word_1_211' title='bbox 483 3083 545 3163; x_wconf 71' lang='grc' dir='ltr'>οὖν,</span> <span class='ocrx_word' id='word_1_212' title='bbox 570 3081 730 3166; x_wconf 76' lang='grc' dir='ltr'>ἀπέφυγον</span> <span class='ocrx_word' id='word_1_213' title='bbox 755 3083 783 3146; x_wconf 80' lang='lat' dir='ltr'>oi</span> <span class='ocrx_word' id='word_1_214' title='bbox 807 3083 994 3167; x_wconf 57' lang='lat' dir='ltr'>aprrdperon</span> <span class='ocrx_word' id='word_1_215' title='bbox 1020 3087 1063 3167; x_wconf 77' lang='grc' dir='ltr'>μὰ</span> <span class='ocrx_word' id='word_1_216' title='bbox 1079 3083 1326 3171; x_wconf 60' lang='grc' dir='ltr'><strong>τὸνῖΗρακλέα,</strong></span> 
     </span>
     <span class='ocr_line' id='line_1_29' title="bbox 198 3187 1326 3272; baseline 0.003 -19"><span class='ocrx_word' id='word_1_217' title='bbox 198 3188 265 3253; x_wconf 75' lang='grc' dir='ltr'><strong>ἐπεὶ</strong></span> <span class='ocrx_word' id='word_1_218' title='bbox 298 3187 425 3270; x_wconf 63' lang='grc' dir='ltr'>θανάτῳ</span> <span class='ocrx_word' id='word_1_219' title='bbox 457 3187 696 3272; x_wconf 65' lang='grc' dir='ltr'><strong>ἐζημιώθησαν.</strong></span> <span class='ocrx_word' id='word_1_220' title='bbox 752 3189 989 3253; x_wconf 85' lang='lat' dir='ltr'>Consentanea</span> <span class='ocrx_word' id='word_1_221' title='bbox 1021 3197 1134 3253; x_wconf 89' lang='lat' dir='ltr'>autem</span> <span class='ocrx_word' id='word_1_222' title='bbox 1167 3189 1249 3256; x_wconf 88' lang='lat' dir='ltr'>haec</span> <span class='ocrx_word' id='word_1_223' title='bbox 1274 3192 1326 3256; x_wconf 92' lang='lat' dir='ltr'>lo·</span> 
     </span>
     <span class='ocr_line' id='line_1_30' title="bbox 198 3293 1326 3384; baseline 0.005 -24"><span class='ocrx_word' id='word_1_224' title='bbox 198 3294 292 3360; x_wconf 89' lang='lat' dir='ltr'>cutio</span> <span class='ocrx_word' id='word_1_225' title='bbox 325 3303 376 3358; x_wconf 85' lang='lat' dir='ltr'>est</span> <span class='ocrx_word' id='word_1_226' title='bbox 408 3293 490 3375; x_wconf 86' lang='lat' dir='ltr'>illis,</span> <span class='ocrx_word' id='word_1_227' title='bbox 524 3317 610 3379; x_wconf 88' lang='lat' dir='ltr'>quae</span> <span class='ocrx_word' id='word_1_228' title='bbox 633 3295 756 3378; x_wconf 86' lang='lat' dir='ltr'>Reisig</span> <span class='ocrx_word' id='word_1_229' title='bbox 781 3295 934 3378; x_wconf 65' lang='lat' dir='ltr'>lconiect.</span> <span class='ocrx_word' id='word_1_230' title='bbox 959 3296 995 3360; x_wconf 89' lang='lat' dir='ltr'>in</span> <span class='ocrx_word' id='word_1_231' title='bbox 1019 3296 1195 3384; x_wconf 84' lang='lat' dir='ltr'>Aristoph.</span> <span class='ocrx_word' id='word_1_232' title='bbox 1222 3297 1280 3364; x_wconf 87' lang='lat' dir='ltr'>lib.</span> <span class='ocrx_word' id='word_1_233' title='bbox 1308 3301 1326 3366; x_wconf 90' lang='grc' dir='ltr'>Ι</span> 
     </span>
     <span class='ocr_line' id='line_1_31' title="bbox 198 3398 1325 3489; baseline 0.007 -24"><span class='ocrx_word' id='word_1_234' title='bbox 198 3423 231 3488; x_wconf 91' lang='lat' dir='ltr'>p.</span> <span class='ocrx_word' id='word_1_235' title='bbox 259 3404 333 3479; x_wconf 80' lang='lat' dir='ltr'>lot)</span> <span class='ocrx_word' id='word_1_236' title='bbox 366 3398 407 3465; x_wconf 88' lang='lat' dir='ltr'>de</span> <span class='ocrx_word' id='word_1_237' title='bbox 436 3399 499 3465; x_wconf 89' lang='lat' dir='ltr'>hac</span> <span class='ocrx_word' id='word_1_238' title='bbox 531 3423 566 3465; x_wconf 92' lang='lat' dir='ltr'>re</span> <span class='ocrx_word' id='word_1_239' title='bbox 591 3402 765 3488; x_wconf 75' lang='lat' dir='ltr'>perspexit</span> <span class='ocrx_word' id='word_1_240' title='bbox 797 3403 832 3466; x_wconf 91' lang='lat' dir='ltr'>in</span> <span class='ocrx_word' id='word_1_241' title='bbox 856 3402 1101 3489; x_wconf 84' lang='lat' dir='ltr'>Aristophanis</span> <span class='ocrx_word' id='word_1_242' title='bbox 1126 3404 1325 3474; x_wconf 81' lang='lat' dir='ltr'>comoediis.</span> 
     </span>
     <span class='ocr_line' id='line_1_32' title="bbox 199 3507 1324 3596; baseline 0.006 -24"><span class='ocrx_word' id='word_1_243' title='bbox 199 3507 234 3572; x_wconf 84' lang='lat' dir='ltr'>Is</span> <span class='ocrx_word' id='word_1_244' title='bbox 265 3507 370 3573; x_wconf 89' lang='lat' dir='ltr'>enim:</span> <span class='ocrx_word' id='word_1_245' title='bbox 420 3507 582 3592; x_wconf 79' lang='lat' dir='ltr'>„Iurandi</span> <span class='ocrx_word' id='word_1_246' title='bbox 614 3517 728 3573; x_wconf 90' lang='lat' dir='ltr'>autem</span> <span class='ocrx_word' id='word_1_247' title='bbox 759 3509 926 3573; x_wconf 83' lang='lat' dir='ltr'>formulae</span> <span class='ocrx_word' id='word_1_248' title='bbox 958 3514 1001 3595; x_wconf 76' lang='lat' dir='ltr'>pat</span> <span class='ocrx_word' id='word_1_249' title='bbox 1025 3512 1077 3574; x_wconf 77' lang='grc' dir='ltr'>τὸν</span> <span class='ocrx_word' id='word_1_250' title='bbox 1102 3510 1171 3594; x_wconf 72' lang='lat' dir='ltr'>la,</span> <span class='ocrx_word' id='word_1_251' title='bbox 1203 3516 1247 3596; x_wconf 75' lang='grc' dir='ltr'>μὰ</span> <span class='ocrx_word' id='word_1_252' title='bbox 1277 3515 1324 3579; x_wconf 79' lang='grc' dir='ltr'>τὼ</span> 
     </span>
    </p>
   </div>
   <div class='ocr_carea' id='block_1_3' title="bbox 246 3645 358 3653">
    <p class='ocr_par' dir='ltr' id='par_1_4' title="bbox 246 3645 358 3653">
     <span class='ocr_line' id='line_1_33' title="bbox 246 3645 358 3653; baseline 0 0"><span class='ocrx_word' id='word_1_253' title='bbox 246 3648 259 3653; x_wconf 81' lang='grc'>.-</span> <span class='ocrx_word' id='word_1_254' title='bbox 266 3645 331 3653; x_wconf 71' lang='grc' dir='ltr'>...ι-</span> <span class='ocrx_word' id='word_1_255' title='bbox 340 3646 358 3651; x_wconf 96' lang='grc'>--</span> 
     </span>
    </p>
   </div>
   <div class='ocr_carea' id='block_1_4' title="bbox 200 3717 1327 4242">
    <p class='ocr_par' dir='ltr' id='par_1_5' title="bbox 200 3717 1327 3879">
     <span class='ocr_line' id='line_1_34' title="bbox 291 3717 1327 3796; baseline 0.012 -26"><span class='ocrx_word' id='word_1_256' title='bbox 291 3720 311 3790; x_wconf 86' lang='lat'>¹)</span> <span class='ocrx_word' id='word_1_257' title='bbox 330 3717 535 3786; x_wconf 81' lang='lat' dir='ltr'>Naegelsbach</span> <span class='ocrx_word' id='word_1_258' title='bbox 565 3721 809 3791; x_wconf 84' lang='lat' dir='ltr'>(Arnncrkuugen</span> <span class='ocrx_word' id='word_1_259' title='bbox 835 3739 886 3774; x_wconf 87' lang='lat' dir='ltr'>zur</span> <span class='ocrx_word' id='word_1_260' title='bbox 911 3720 993 3789; x_wconf 75' lang='lat' dir='ltr'>Iliae,</span> <span class='ocrx_word' id='word_1_261' title='bbox 1021 3723 1045 3775; x_wconf 74' lang='lat'>3.</span> <span class='ocrx_word' id='word_1_262' title='bbox 1070 3722 1146 3777; x_wconf 82' lang='lat' dir='ltr'>Auli.</span> <span class='ocrx_word' id='word_1_263' title='bbox 1177 3725 1258 3796; x_wconf 68' lang='lat' dir='ltr'>lul)</span> <span class='ocrx_word' id='word_1_264' title='bbox 1286 3727 1327 3782; x_wconf 87' lang='lat' dir='ltr'>ad</span> 
     </span>
     <span class='ocr_line' id='line_1_35' title="bbox 200 3807 401 3879; baseline -0.01 -17"><span class='ocrx_word' id='word_1_265' title='bbox 200 3827 219 3862; x_wconf 80' lang='lat' dir='ltr'>a</span> <span class='ocrx_word' id='word_1_266' title='bbox 236 3808 285 3877; x_wconf 77' lang='lat'>86,</span> <span class='ocrx_word' id='word_1_267' title='bbox 312 3825 338 3879; x_wconf 86' lang='lat' dir='ltr'>p.</span> <span class='ocrx_word' id='word_1_268' title='bbox 357 3807 401 3860; x_wconf 73' lang='lat'>45.</span> 
     </span>
    </p>

    <p class='ocr_par' dir='ltr' id='par_1_6' title="bbox 200 3894 1327 4070">
     <span class='ocr_line' id='line_1_36' title="bbox 289 3894 1327 3973; baseline 0.007 -20"><span class='ocrx_word' id='word_1_269' title='bbox 289 3897 312 3967; x_wconf 60' lang='grc' dir='ltr'>Ἰ)</span> <span class='ocrx_word' id='word_1_270' title='bbox 337 3894 414 3949; x_wconf 85' lang='lat' dir='ltr'>Huic</span> <span class='ocrx_word' id='word_1_271' title='bbox 427 3895 556 3968; x_wconf 86' lang='lat' dir='ltr'>opinioni</span> <span class='ocrx_word' id='word_1_272' title='bbox 570 3916 628 3952; x_wconf 90' lang='lat' dir='ltr'>non</span> <span class='ocrx_word' id='word_1_273' title='bbox 642 3897 756 3952; x_wconf 84' lang='lat' dir='ltr'>dubitat</span> <span class='ocrx_word' id='word_1_274' title='bbox 770 3897 907 3952; x_wconf 79' lang='lat' dir='ltr'>assentiri</span> <span class='ocrx_word' id='word_1_275' title='bbox 920 3899 1096 3954; x_wconf 75' lang='lat' dir='ltr'>Autemioth</span> <span class='ocrx_word' id='word_1_276' title='bbox 1114 3901 1327 3973; x_wconf 80' lang='lat' dir='ltr'>(Wdrterbuclr</span> 
     </span>
     <span class='ocr_line' id='line_1_37' title="bbox 200 3985 1317 4070; baseline 0 -25"><span class='ocrx_word' id='word_1_277' title='bbox 200 4007 235 4045; x_wconf 87' lang='lat' dir='ltr'>zu</span> <span class='ocrx_word' id='word_1_278' title='bbox 254 3987 310 4042; x_wconf 88' lang='lat' dir='ltr'>den</span> <span class='ocrx_word' id='word_1_279' title='bbox 332 3985 537 4041; x_wconf 84' lang='lat' dir='ltr'>homerischen</span> <span class='ocrx_word' id='word_1_280' title='bbox 557 3987 730 4057; x_wconf 73' lang='lat' dir='ltr'>Gedichten,</span> <span class='ocrx_word' id='word_1_281' title='bbox 749 3990 774 4041; x_wconf 78' lang='lat'>3.</span> <span class='ocrx_word' id='word_1_282' title='bbox 788 3987 864 4042; x_wconf 79' lang='lat' dir='ltr'>Auri.</span> <span class='ocrx_word' id='word_1_283' title='bbox 885 3991 973 4060; x_wconf 70' lang='lat' dir='ltr'>lber).</span> <span class='ocrx_word' id='word_1_284' title='bbox 993 3989 1030 4044; x_wconf 91' lang='lat' dir='ltr'>ad</span> <span class='ocrx_word' id='word_1_285' title='bbox 1050 4008 1111 4045; x_wconf 89' lang='lat' dir='ltr'>voc.</span> <span class='ocrx_word' id='word_1_286' title='bbox 1132 3997 1168 4058; x_wconf 71' lang='grc' dir='ltr'>μά</span> <span class='ocrx_word' id='word_1_287' title='bbox 1188 4011 1214 4063; x_wconf 85' lang='lat' dir='ltr'>p.</span> <span class='ocrx_word' id='word_1_288' title='bbox 1230 3994 1289 4048; x_wconf 75' lang='lat' dir='ltr'>let.</span> <span class='ocrx_word' id='word_1_289' title='bbox 1310 4057 1317 4070; x_wconf 29' lang='grc' dir='ltr'>ι</span> 
     </span>
    </p>

    <p class='ocr_par' dir='ltr' id='par_1_7' title="bbox 290 4062 1053 4152">
     <span class='ocr_line' id='line_1_38' title="bbox 290 4062 1053 4152; baseline 0.007 -22"><span class='ocrx_word' id='word_1_290' title='bbox 290 4062 320 4143; x_wconf 62' lang='grc'>1)</span> <span class='ocrx_word' id='word_1_291' title='bbox 341 4076 546 4147; x_wconf 82' lang='lat' dir='ltr'>Naegelsbach</span> <span class='ocrx_word' id='word_1_292' title='bbox 566 4081 809 4151; x_wconf 77' lang='lat' dir='ltr'>(Annrerkungen</span> <span class='ocrx_word' id='word_1_293' title='bbox 828 4097 880 4133; x_wconf 85' lang='lat' dir='ltr'>zur</span> <span class='ocrx_word' id='word_1_294' title='bbox 900 4080 945 4150; x_wconf 91' lang='lat' dir='ltr'>Il.)</span> <span class='ocrx_word' id='word_1_295' title='bbox 965 4099 990 4152; x_wconf 88' lang='lat' dir='ltr'>p.</span> <span class='ocrx_word' id='word_1_296' title='bbox 1010 4082 1053 4135; x_wconf 75' lang='lat'>46.</span> 
     </span>
    </p>

    <p class='ocr_par' dir='ltr' id='par_1_8' title="bbox 289 4167 707 4242">
     <span class='ocr_line' id='line_1_39' title="bbox 289 4167 707 4242; baseline 0.01 -20"><span class='ocrx_word' id='word_1_297' title='bbox 289 4169 312 4238; x_wconf 82' lang='lat'>⁴)</span> <span class='ocrx_word' id='word_1_298' title='bbox 340 4167 482 4223; x_wconf 87' lang='lat' dir='ltr'>Knclmer</span> <span class='ocrx_word' id='word_1_299' title='bbox 500 4168 576 4239; x_wconf 80' lang='lat'>11‚·2</span> <span class='ocrx_word' id='word_1_300' title='bbox 600 4187 626 4242; x_wconf 87' lang='lat' dir='ltr'>p.</span> <span class='ocrx_word' id='word_1_301' title='bbox 646 4172 707 4225; x_wconf 69' lang='grc'>13119.</span> 
     </span>
    </p>
   </div>
   <div class='ocr_carea' id='block_1_5' title="bbox 0 0 1435 4560">
    <p class='ocr_par' dir='ltr' id='par_1_9' title="bbox 0 0 1435 4560">
     <span class='ocr_line' id='line_1_40' title="bbox 0 0 1435 4560; baseline 0 0"><span class='ocrx_word' id='word_1_302' title='bbox 0 0 1435 4560; x_wconf 95' lang='lat' dir='ltr'> </span> 
     </span>
    </p>
   </div>
  </div>
 </body>
</html>
