2850 4560
598 92 818 155 ..62-

147 286 240 349 omni
264 292 375 349 aetate
399 284 543 351 dictioni
567 308 648 351 suae
672 287 913 372 perpoliendae
937 310 1076 374 operam
1102 289 1278 356 studium-

148 414 212 477 que
241 393 408 474 navabat;
441 393 525 479 quin
557 393 661 459 etiam
692 394 760 461 sibi
791 394 864 482 ipse
888 396 1012 462 tribuit
1035 397 1172 464 laudem
1196 422 1278 466 ora-

147 497 252 563 tionis
276 497 457 564 distinctae
481 507 515 564 et
538 499 638 565 valde
662 501 810 567 limatae.
824 505 847 583 ¹)
893 501 1049 587 Accedit,
1082 504 1175 589 quod
1199 505 1278 571 eius

147 605 335 689 orationes,
367 628 453 691 quae
485 606 623 691 quidem
651 607 721 672 sint
745 607 1009 674 demonstrativi
1033 610 1184 695 generis,
1217 611 1277 678 his

145 712 308 778 brevibus
331 712 488 778 formulis
512 712 612 778 facile
636 736 749 779 carere
773 722 970 801 potuerunt.
1021 717 1157 782 Vacant
1180 718 1277 784 enim

145 819 346 906 plerumque
379 819 456 884 illae
488 820 659 884 orationes
692 820 969 887 adversariorum
999 822 1277 890 subiectionibus

145 932 180 990 et
203 925 516 1011 interrogationum
540 947 848 1012 responsorumque
871 928 969 993 vario
998 951 1123 1014 genere
1154 937 1190 995 et
1220 931 1276 996 di-

145 1040 252 1116 recta,
285 1054 371 1118 quae
395 1032 536 1117 dieitur,
570 1033 738 1116 oratione,
771 1034 896 1119 quibus
925 1035 1082 1100 artificiis
1112 1036 1277 1105 breviora

146 1140 206 1205 illa
249 1140 395 1206 iuranda
433 1143 471 1225 νὴ
509 1141 581 1226 Δία,
628 1146 671 1229 μὰ
710 1142 766 1207 Δία
803 1143 882 1207 usui
922 1165 994 1208 esse
1034 1145 1276 1230 cognovimus.

146 1247 265 1332 Neque
295 1269 377 1312 vero
409 1256 497 1332 erat,
537 1270 597 1313 cur
628 1249 811 1333 Isocraten,
846 1256 886 1314 ut
920 1250 981 1335 qui
1014 1251 1205 1337 tranquillo
1241 1262 1277 1319 et

146 1355 264 1421 sedato
307 1362 425 1420 tenore
459 1378 605 1441 magnas
643 1378 697 1420 res
733 1364 848 1441 gestas
883 1358 1068 1423 memoriae
1102 1359 1275 1444 proderet,

146 1485 201 1545 ea,
233 1483 319 1548 quae
343 1480 543 1545 narrantur,
576 1463 796 1547 gravioribus
820 1464 975 1529 iurandis
1000 1465 1189 1530 affirmaret
1213 1475 1276 1534 aut

146 1568 432 1634 exclamationum
454 1569 490 1633 vi
511 1568 781 1634 vehementiores
804 1570 912 1634 animi
932 1578 1045 1636 motus
1066 1573 1273 1657 exagitaret

146 1677 220 1742 Iam
237 1697 319 1740 vero
343 1675 492 1761 reliquas
517 1675 589 1740 eius
614 1677 796 1760 orationes,
822 1699 909 1761 quae
932 1677 969 1742 in
992 1676 1120 1742 forensi
1145 1701 1273 1764 genere

147 1783 284 1850 dicendi
307 1791 503 1868 versantur,
536 1782 591 1849 his
619 1784 776 1849 formulis
806 1808 911 1871 aeque
934 1786 1044 1851 nudas
1068 1809 1156 1872 esse,
1189 1787 1274 1874 quid

147 1891 303 1957 mireris?
337 1891 395 1956 An
415 1892 582 1957 Isocrates
607 1892 691 1957 alios
716 1892 753 1955 iu
776 1892 899 1957 leviter
922 1892 1069 1959 iurando
1093 1916 1195 1982 saepe
1218 1918 1273 1961 re·

147 1998 328 2085 prehendit
351 2020 391 2063 ac
414 1998 639 2064 iurisiurandi
662 1999 877 2063 sanctitatem
904 2000 1021 2064 multis
1039 2001 1155 2066 verbis
1179 2024 1274 2068 com·

147 2104 374 2188 mendavit:²)
398 2127 477 2170 suas
502 2106 574 2191 ipse
598 2105 770 2170 orationes
794 2106 908 2191 potuit
931 2127 1097 2173 exornare
1121 2108 1195 2174 eius
1214 2133 1275 2196 ge·

148 2213 239 2279 neris
255 2213 480 2278 iuramentis?
526 2214 637 2278 Immo
654 2235 745 2296 vero,
770 2235 946 2299 nunquam
970 2237 1013 2279 ne
1037 2214 1074 2279 in
1097 2216 1276 2286 cotidiana

148 2321 286 2406 quidem
320 2320 499 2385 hominum
532 2320 777 2386 consuetudine
817 2321 944 2387 talibus
980 2321 1157 2386 vocabulis
1194 2345 1277 2390 eum

148 2450 248 2493 usum
271 2451 343 2492 esse
366 2428 514 2493 maxime
538 2428 725 2493 verisimile
749 2436 810 2492 est.
859 2428 1005 2511 Omitt0,
1037 2429 1129 2513 quod
1154 2451 1277 2498 omnes

146 2534 217 2600 fere
240 2542 393 2600 oratores
418 2535 580 2619 Gorgiae,
606 2534 735 2615 Tisiae,
765 2534 959 2619 aequalium
987 2533 1164 2600 rhetorum
1192 2536 1277 2604 doc·

149 2642 242 2707 trina
254 2649 288 2706 et
300 2642 434 2706 ratione
447 2641 574 2706 eruditi
587 2641 698 2726 magis
712 2642 895 2706 verborum
908 2663 1011 2726 quam
1023 2642 1276 2711 sententiarum

148 2748 271 2835 figuris
294 2747 347 2813 uti
369 2755 627 2814 consueverant.

239 2855 453 2921 Liberiorem
481 2863 599 2942 postea
627 2855 758 2941 primus
783 2855 899 2919 lsaeus
924 2855 1112 2919 orationem
1137 2856 1277 2923 confor-

148 2964 258 3028 mavit
274 2961 431 3047 idemque
447 2961 783 3048 argumentationem
805 2960 849 3027 ad
865 2967 973 3026 artem
989 2968 1092 3046 atque
1108 2963 1276 3030 astutiam

148 3092 324 3136 revocasse
355 3069 551 3151 traditur.³)
605 3069 801 3134 Posteriora
833 3069 924 3134 enim
959 3076 1111 3154 tempore
1142 3068 1277 3137 lactum

149 3265 238 3320 weise
257 3271 304 3332 nto
325 3297 356 3305 -
377 3270 406 3318 δὲ
431 3265 508 3318 wohl
534 3264 643 3335 gerade
670 3282 718 3317 mn
743 3264 838 3319 dieses
864 3264 944 3318 ihres
968 3264 1148 3317 Clarektas
1173 3263 1276 3321 willan

151 3354 210 3410 fast
231 3356 417 3424 koneequent
436 3354 651 3409 versclmrttht.“
678 3385 709 3393 -
739 3354 824 3408 Blass
843 3354 896 3416 ΙΙΙ,
916 3372 942 3424 p.
963 3354 1008 3407 29:
1041 3354 1093 3423 „In
1112 3353 1165 3408 der
1183 3353 1278 3411 wahl

148 3442 200 3497 (lar
218 3443 322 3497 Worte
341 3442 380 3496 ist·
399 3441 615 3496 Demosthenes
635 3441 775 3511 nirgeuds
794 3459 827 3495 so
847 3441 974 3512 peinlich
994 3458 1091 3511 genau
1111 3439 1176 3495 wie
1198 3441 1276 3497 leo·

148 3533 270 3588 kretes
289 3533 316 3601 (δ
336 3537 417 3591 δεῖνα,
438 3535 517 3587 (ῖιταν,
536 3534 569 3598 νῄ
590 3536 673 3601 Δία).*·

241 3625 261 3695 ¹)
289 3622 378 3677 Isocr.
397 3621 474 3676 Phil.
494 3623 559 3693 ξδι
580 3627 625 3675 καὶ
645 3628 704 3688 περὶ
724 3627 822 3675 τούτων
844 3627 926 3686 οὓτως
946 3626 1058 3674 ἑδὸκονν
1079 3625 1199 3684 διεξιέναι
1217 3632 1277 3689 τοῖς

150 3719 302 3779 ἀκονοναιν,
329 3718 397 3767 (irate
420 3718 522 3780 μηδένα
547 3718 590 3766 τὸν
615 3716 698 3780 λόγον
725 3717 809 3766 αὐτῶν
835 3717 901 3779 μηδὲ
925 3715 972 3778 τήν
996 3715 1065 3774 λέξιν
1090 3715 1206 3765 ἐπαινεῖν
1232 3715 1277 3779 ὡς

149 3807 289 3870 ἀκριβῶς
308 3808 367 3856 καὶ
386 3807 552 3869 καθαρῶς
571 3807 737 3872 ἔχουσαν,
759 3807 823 3868 ὅπερ
844 3805 956 3854 euctaei
976 3819 1044 3865 τινες
1062 3809 1146 3854 ποιεῖν

237 3893 260 3963 ’)
289 3893 431 3948 (tonl'erae
451 3893 539 3948 velim
564 3894 599 3947 ad
626 3893 683 3947 hoc
701 3893 849 3948 Iooratcae
873 3890 1034 3946 sententias
1058 3891 1088 3945 in
1114 3909 1155 3946 or.
1177 3893 1204 3961 l,
1231 3894 1276 3951 13.

148 3984 192 4053 22,
210 3984 246 4038 23
265 4016 297 4024 -
316 3984 342 4051 2,
360 3984 397 4038 22
416 4016 448 4026 -
468 3986 493 4044 4.
511 3986 544 4037 81
567 4017 599 4024 -
619 3986 644 4040 8.
664 3984 699 4035 96
719 4016 750 4024 -
774 3984 813 4043 14.
836 3984 868 4037 12
887 3988 941 4037 etc.

220 4075 243 4143 ⁸)
271 4073 392 4146 Dionys.
410 4074 446 4129 de
464 4075 549 4129 Isaeo
569 4077 648 4145 §182
669 4079 750 4130 Δοκεῖ
767 4079 864 4140 Λυδίας
883 4078 930 4142 μὲν
950 4077 997 4143 τήν
1019 4076 1148 4142 ἀλήθειαν
1168 4077 1276 4132 διώκειν

148 4165 262 4237 μᾶλλον,
281 4166 381 4231 Ἰσαῖος
399 4168 428 4218 et
447 4168 495 4234 τὴν
514 4169 619 4234 τέχνην.
