2850 4560
560 107 781 171 ..41-

106 305 345 370 auctoritatem
370 309 647 390 contempserunt
671 303 708 366 in
732 324 780 369 or.
808 304 840 386 1,
865 305 924 387 87,
958 323 1025 388 quo
1058 302 1132 368 loco
1164 301 1232 367 duo

105 413 186 477 libri
218 436 238 478 a
269 411 411 496 reliquis
443 410 639 496 discrepant
670 409 815 474 articulo
847 420 908 475 τῶν
941 410 1079 476 omisso.
1132 410 1232 474 (lom-

105 519 222 605 parari
247 518 356 603 igitur
380 518 535 604 oportuit
559 517 702 582 dubium
725 517 822 581 illum
847 519 957 582 locum
984 521 1027 601 (3,
1054 519 1130 600 156)
1155 540 1231 583 cum

105 626 198 690 hisce
230 625 363 691 duobus
395 627 536 691 minime
571 627 744 711 ambiguis
781 634 882 712 atque
914 627 964 691 ita
995 627 1151 709 tractari,
1193 634 1232 691 ut

105 733 205 797 lectio
245 733 396 818 plurium
432 755 615 817 eorumque
653 734 822 798 bonorum
857 731 1011 798 codicum
1047 741 1231 800 teneretur.

107 839 209 916 Quod
234 840 342 904 Cobet
364 838 547 903 formulam
571 843 650 923 πρὸς
674 839 743 916 Διὸς
772 844 826 904 καὶ
849 841 934 904 θεῶν
959 838 1043 905 dicit
1070 847 1140 905 tam
1165 839 1232 905 fre·

106 952 265 1031 quentem
290 943 396 1009 fnisse
421 946 457 1009 in
480 945 598 1010 Attica
623 967 724 1030 quam
750 948 775 1009 ὡ
800 946 859 1010 Ζεῦ
883 948 1043 1031 11111εο1,
1074 946 1231 1032 equidem

106 1053 243 1117 etiamsi
259 1051 324 1116 hoc
343 1074 484 1138 prorsus
504 1074 574 1116 non
595 1056 772 1138 impugnO,
797 1059 912 1117 tamen
929 1053 1013 1118 illud
1031 1055 1231 1138 monuerim,

107 1181 149 1222 ex
174 1159 332 1223 omnibus
355 1159 550 1223 oratoribus
574 1181 680 1223 unum
702 1158 969 1223 Demosthenem
990 1158 1053 1224 hac
1075 1161 1232 1225 breviore

105 1266 254 1332 formula
282 1289 382 1330 usum
414 1289 499 1349 esse,
533 1266 737 1330 Aeschinem
766 1272 886 1331 contra
910 1265 1097 1352 prolixiore
1121 1267 1181 1332 illa
1206 1270 1231 1331 ὡ

107 1481 132 1542 ὡ
165 1489 206 1564 γῆ
238 1483 291 1543 καὶ
320 1481 391 1563 ἥλιε
422 1484 475 1543 καὶ
504 1482 599 1563 ἀρετὴ
624 1483 679 1544 καὶ
702 1481 821 1556 σύνεσις
845 1483 899 1544 καὶ
921 1481 1044 1544 παιδεία
1074 1482 1118 1564 (3,
1143 1482 1231 1566 260),

107 1607 208 1670 quam
226 1585 468 1671 loquacitatem
485 1574 557 1672 ipse
573 1586 821 1650 Demosthenes
842 1587 1054 1672 perstrinxit.
1069 1591 1091 1670 ¹)
1139 1588 1232 1664 Quid

107 1695 214 1778 ergo?
261 1695 343 1759 lllos
368 1695 460 1759 locos
485 1703 661 1758 mutavere
686 1695 795 1758 Cobet
819 1701 853 1758 et
876 1695 1051 1778 Weidner,
1075 1695 1138 1760 hos
1162 1718 1232 1761 non

107 1801 311 1865 mutabunt?
367 1803 468 1866 Hanc
499 1801 592 1864 viam
623 1801 653 1863 si
684 1799 907 1885 ingrediaris
940 1801 1048 1866 multa
1080 1802 1232 1887 profecto

107 1906 261 1971 eicienda
285 1915 366 1971 sunt
389 1930 429 1970 ex
454 1906 654 1972 Aeschineis
680 1906 904 1972 orationibus.
963 1908 1051 1972 Ecce
1074 1908 1140 1973 tibi
1163 1907 1232 1974 for-

108 2014 200 2078 mula
233 2018 276 2098 μά
308 2014 377 2078 hia!
436 2013 531 2090 Quae
566 2013 718 2078 brevitas
751 2013 909 2096 quamvis
944 2013 1105 2098 frequens
1142 2017 1233 2102 apud

110 2121 242 2188 Atticos
273 2120 392 2205 fuerit,
428 2128 544 2185 temen
575 2121 631 2185 hic
662 2120 752 2185 idem
783 2120 970 2186 Aeschines
1005 2123 1117 2187 tribus
1148 2123 1233 2188 locis

109 2228 267 2294 decantat
299 2232 342 2314 pot
364 2231 417 2292 τὸν
442 2228 498 2292 Δία
529 2231 582 2291 τὸν
607 2227 775 2313 Ὀλύμπιον
807 2229 850 2311 (l,
876 2228 929 2311 55,
956 2230 997 2294 76
1025 2269 1059 2278 -
1088 2231 1117 2312 3,
1143 2231 1232 2316 255).

108 2334 202 2415 Quid
218 2337 338 2422 plura?
385 2336 571 2400 Enimvero
589 2336 768 2421 permulta,
794 2358 879 2420 quae
904 2359 924 2401 a
948 2338 1071 2421 quovis
1095 2345 1234 2404 auctore

106 2444 221 2508 minus
238 2444 413 2527 eleganter
431 2443 672 2527 enucleateque
689 2441 816 2527 scripta
833 2465 906 2506 esse
923 2442 1096 2527 videntur,
1121 2445 1234 2509 ouius·

107 2574 173 2637 que
204 2550 343 2637 proprio
368 2550 545 2636 scriptoris
577 2549 725 2614 sermoni
754 2571 885 2614 acuon
909 2550 1077 2615 librorum
1100 2552 1233 2616 mendis

108 2664 168 2722 aut
191 2657 378 2743 suppositis
402 2658 535 2722 tribuas
559 2679 695 2721 necesse
720 2663 780 2721 est.
829 2657 897 2722 Sed
918 2657 1001 2723 haec
1017 2659 1209 2724 mittamus!

197 2764 337 2828 Praeter
353 2763 560 2828 Aeschinem
580 2764 736 2848 longiore
753 2765 943 2850 composita
958 2765 1106 2832 formula
1122 2768 1233 2832 utitur

110 2873 181 2955 (Ρο)
206 2870 454 2936 Demosthenes
479 2892 547 2935 uno
576 2871 650 2935 loco
676 2894 727 2957 ep.
745 2872 776 2936 V
799 2894 831 2957 p.
859 2873 954 2956 1490,
980 2873 1014 2938 2:
1059 2874 1168 2960 δέομαι
1192 2873 1230 2958 ’δή

108 3002 164 3043 σου
188 2981 265 3062 πρὸς
290 2978 358 3054 Διὸς
383 2978 481 3056 ξενίου
505 2981 558 3041 καὶ
580 2979 705 3043 πάντων
729 2989 791 3042 τῶν
815 2980 900 3042 θεῶν
925 2977 980 3060 (cf.
1006 2986 1134 3065 supra).
1294 2963 1298 2970 ¹

199 3085 311 3149 Semel
334 3085 497 3168 leguntur
520 3085 604 3148 haec
628 3085 833 3149 iuramenta:

184 3240 187 3244 ,
240 3196 318 3276 πρὸς
342 3194 428 3256 θεῶν
452 3196 506 3256 καὶ
529 3194 684 3278 δαιμόνων
709 3192 800 3278 apud
824 3193 910 3259 Isae.
936 3194 966 3276 2,
991 3194 1044 3276 47,

240 3304 317 3385 πρὸς
340 3311 402 3364 τῶν
426 3302 512 3364 θεῶν
536 3304 590 3364 καὶ
614 3302 767 3385 δαιμόνων
791 3301 882 3386 apud
905 3302 1003 3368 Dem.
1028 3303 1082 3385 42,
1109 3303 1160 3367 17.

197 3409 297 3472 Hanc
320 3406 503 3471 formulam
528 3407 829 3472 Demosthenicam
852 3430 924 3473 esse
947 3408 1232 3475 (4111011110

107 3520 198 3600 (epp.
231 3537 276 3579 01.
302 3515 333 3578 'V
369 3537 400 3599 p.
431 3515 486 3596 67)
518 3521 633 3598 negat.
696 3513 748 3578 Ac
777 3536 859 3578 vero
892 3515 1082 3579 orationem
1114 3523 1233 3580 contra

105 3621 347 3706 Phaenippum
372 3621 525 3706 spuriam
553 3642 624 3683 esse
653 3641 769 3684 omnes
798 3621 867 3684 viri
895 3620 987 3685 (loeti
1015 3622 1233 3686 consentiunt

107 3728 162 3794 (cf.
188 3729 297 3792 Blass
322 3728 387 3809 ΠΙ,
414 3730 431 3792 1
458 3750 489 3813 p.
514 3727 604 3809 449).
652 3777 655 3780 Δ

198 3834 468 3899 Similituclinem
509 3834 681 3918 quandam
717 3833 847 3899 habent
886 3835 1114 3920 gravissimae
1155 3835 1233 3900 illae

107 3965 238 4028 preceS,
264 3943 388 4026 quibus
412 3943 536 4027 Lysias
562 3942 604 4025 (4,
629 3943 673 4005 20
699 3981 738 3989 -
770 3942 823 4025 20,
849 3945 903 4025 36)
928 3949 962 4006 et
986 3942 1233 4008 Demosthenes

201 4175 221 4248 ¹)
250 4173 332 4228 Dem.
353 4190 393 4226 or.
415 4173 456 4243 18,
477 4173 527 4226 121
547 4177 634 4240 ὥςπερ
654 4178 681 4226 ἐν
701 4178 837 4242 τραγῳδίᾳ
857 4180 972 4240 tenire·
992 4177 1013 4226 t»
1032 4181 1067 4242 γῆ

1070 4262 1106 4316 ga
