2850 4560
539 45 810 169 47„

225 297 324 384 epist.
356 299 412 382 12,
446 299 491 363 9*
525 301 567 376 εἰς
592 298 700 363 Ῥόδον
732 299 901 385 ἀφικόμην,
932 302 1001 365 οὔτε
1025 303 1075 385 μά
1103 304 1169 367 τόν
1193 301 1263 366 Δία

297 405 452 489 δυσμενῶν
476 406 543 491 ὑμῖν
566 456 621 470 ...

206 511 260 594 ’1,
290 510 357 573 55³*
388 512 530 588 τοιαύτας
553 512 654 597 ὕβρεις
757 515 822 589 οίας
846 513 909 597 ἐγὼ
938 515 988 597 μὰ
1011 516 1078 578 τόν
1102 515 1172 578 Δία
1195 517 1262 579 τόν

298 616 516 702 Ὀλύμπιον
541 619 599 682 οὐκ
624 621 660 681 ἀν
683 618 867 704 τολμήσαιμι
890 623 969 702 πρός
992 621 1071 704 ὑμᾶς
1094 621 1185 685 εἰπεῖν

227 708 256 808 1,
283 725 348 790 76*
372 727 407 789 οὐ
428 728 568 811 γάρέχιυ
592 728 643 809 μά
666 728 733 789 τόν
756 724 827 790 Δία
850 730 917 792 τόν
941 724 1175 813 Ὀλύμπιον,
1198 729 1263 794 τίνα

296 833 410 916 τρόπον
434 833 645 918 εὐφημότερον
669 834 801 919 μνησθῶ

225 939 260 1021 3,
293 939 383 1002 255*
416 939 497 1003 ἀλλὰ
528 942 578 1024 μά
609 942 676 1004 τόν
704 940 774 1003 Δία
797 943 864 1005 τόν
889 939 1107 1025 Ὀλύμπιον
1138 945 1197 1029 οὐχ
1228 948 1263 1022 ῶς

298 1046 422 1132 ἀγρίους
446 1056 625 1131 κυνηγετῶν
648 1096 702 1110 ...

225 1151 323 1238 epist.
357 1151 392 1235 5,
430 1153 447 1215 1
486 1153 502 1215 ό
538 1153 572 1216 δὲ
607 1151 814 1238 Κλεοκράτης
849 1153 921 1217 οὐδὲ
955 1158 1006 1239 μά
1037 1158 1107 1232 τοὺς
1138 1156 1263 1236 θεοὺς

298 1258 464 1322 ἐπιστεῖλαί
487 1280 534 1322 σοι
559 1257 705 1343 δυναίμην
730 1260 767 1322 ἀν

226 1366 324 1452 epist.
350 1368 386 1450 9,
418 1367 462 1430 2*
494 1418 500 1433 .
525 1417 532 1432 .
557 1417 563 1431 .
592 1369 646 1430 καὶ
673 1367 795 1451 μέλλων
824 1369 907 1452 ὅμως
934 1369 1027 1433 οἰκεῖν
1055 1370 1181 1453 ἐνθάδε,
1212 1376 1263 1457 μά

297 1476 390 1551 τοὺς
413 1475 537 1550 θεοὺς
561 1474 620 1558 οὐχ
644 1472 746 1556 ηδέῶς
769 1474 951 1560 στερόμενος
975 1484 1031 1560 τῆς
1132 1478 1261 1557 πόλεως.

226 1582 255 1664 3,
282 1581 345 1646 182
375 1581 443 1644 ἀλλ’
461 1583 561 1666 ἔγωγε
584 1584 634 1666 μά
657 1585 740 1657 τοὺς
764 1583 888 1659 θεοὺς
910 1587 994 1659 τοὺς
1018 1582 1263 1670 Ὀλυμπίους

296 1688 359 1751 οὐδ’
464 1688 546 1766 ἀξιον
570 1686 704 1773 ἡγοῦμαι
728 1689 900 1772 μεμνηςθαι

228 1795 257 1877 1,
279 1781 348 1858 881ᾖ
374 1795 401 1859 τί
414 1797 480 1876 οὑν;
501 1794 659 1878 ἀπέφυγον
675 1796 703 1858 οἱ
719 1795 902 1880 κρινόμενος
923 1799 970 1880 μὰ
985 1799 1046 1860 τόν
1063 1797 1262 1884 Ἡρακλέα,

297 1903 363 1966 ἐπεὶ
386 1902 514 1986 θανάτῳ
539 1900 764 1987 ἐζημιώθησαν

226 2010 259 2093 3,
292 2007 357 2071 212
389 2003 423 2071 οὐ
452 2011 513 2093 γάρ
539 2008 577 2090 δη
607 2010 657 2092 μά
685 2010 752 2071 τὸν
776 2008 982 2092 Ἡρακλέα
1004 2011 1094 2077 τοῦτό
1118 2035 1154 2098 γε
1177 2015 1262 2099 ὑμῶν

296 2115 395 2191 οὐδεὶς
418 2113 587 2200 φοβήσεται
612 2163 665 2178 ...

227 2221 260 2303 1,
292 2221 359 2284 52*
394 2221 554 2288 ἀλλὰκαὶ
584 2223 654 2305 (μά
682 2223 749 2286 τόν
772 2220 965 2288 Διόνυσον
993 2225 1051 2287 οὐκ
1081 2226 1146 2308 οἶδ’,
1177 2228 1262 2305 ὅπως

297 2326 464 2412 δυνήσομαι
484 2327 680 2410 περιπλέκειν
697 2329 774 2413 δλην
789 2329 846 2413 την
862 2328 994 2415 ἡμέραν)
1011 2333 1261 2418 πεπορνευμένος.

225 2433 323 2520 εμίεό.
355 2434 410 2516 11,
443 2435 464 2498 6
499 2437 619 2520 οὐγὰρ
645 2434 789 2520 ἠγνόουν,
818 2439 868 2520 μά
892 2440 959 2502 τόν
983 2437 1054 2502 Δία
1077 2440 1145 2503 καί
1168 2443 1261 2518 τοὺς

299 2542 449 2620 ἄλλους
472 2543 611 2625 θεούς,
635 2545 680 2607 ότι

180 2648 217 2733 νή
236 2647 351 2712 decem
373 2647 471 2713 locis:
498 2650 526 2731 1,
551 2649 608 2712 28:
711 2660 821 2713 τοῦτον
846 2652 904 2713 οὐκ
929 2651 965 2735 ἐᾷ
989 2651 1104 2737 λέγειν;
1128 2655 1170 2738 νὴ
1195 2655 1260 2720 Δία

295 2756 402 2832 καλῶς
425 2778 470 2841 γε,
494 2756 536 2832 ῶς
561 2756 623 2841 ἐγὼ
647 2779 734 2842 φημι.

227 2863 256 2948 1,
280 2862 348 2926 98*
372 2865 417 2926 ότι
440 2863 524 2926 ταῦτ’
542 2862 652 2949 ἀληθῆ
677 2863 769 2950 λέγω,
794 2864 933 2928 ἐνταῦθα
958 2865 1060 2950 μέντοι
1084 2868 1128 2952 νη
1154 2870 1259 2954 Δία’)

296 2979 404 3052 σαιρῶς
427 2971 508 3033 πάνυ
612 2980 845 3055 μαρτυροῦντας
946 2973 1130 3059 παρέξομαι.

224 3081 254 3162 3,
281 3079 368 3144 172*
399 3082 452 3143 καὶ
474 3090 567 3166 γαμεῖ
590 3091 723 3166 γυναῖκα
746 3081 897 3145 πλουσίαν
923 3084 977 3166 μέν
1002 3081 1047 3165 νὴ
1072 3081 1143 3145 Δία

224 3188 254 3269 3,
279 3186 368 3251 217⁴*
399 3189 452 3249 καὶ
479 3187 524 3269 νη
553 3186 640 3270 Δία,
672 3187 714 3264 ὡς
746 3188 808 3273 ἐγὼ
839 3189 1052 3273 πυνθάνομαι,
1084 3189 1189 3273 μέλλει
1222 3211 1260 3274 με

296 3296 454 3378 ἀνερωτᾶν

224 3401 254 3484 2,
281 3400 368 3465 130*
392 3399 475 3464 Ἀλλ’
493 3403 598 3487 έμοιγε
622 3403 664 3485 νὴ
689 3406 773 3478 τοὺς
797 3403 910 3480 θεοὺς
934 3404 1037 3467 οὑτοσὶ
1061 3404 1147 3468 δοκεὶ
1167 3414 1259 3468 τοῦτο

297 3509 391 3596 μόνον
415 3508 600 3594 λογίζεσθαι
624 3559 678 3575 ...

224 3618 254 3699 3,
279 3615 370 3679 228⁴*
393 3615 456 3680 Καὶ
479 3615 525 3699 νὴ
549 3618 642 3692 τοὺς
665 3617 790 3692 θεοὺς
814 3619 907 3692 τοὺς
929 3615 1191 3703 Ὀλυμπίους,
1216 3621 1259 3683 ῶν

294 3725 357 3809 ἐγὼ
380 3723 580 3809 πυνθάνομαι
604 3723 796 3809 Δημοσθένη
820 3724 917 3803 λέξειν

225 3831 254 3912 1,
280 3829 346 3895 73*
377 3830 531 3916 βούλεσθε
634 3831 677 3915 μὴ
706 3831 865 3915 ζητῶμεν;
896 3832 941 3914 νὴ
972 3833 1040 3895 τόν
1071 3830 1258 3896 Ποσειδῶ

294 3946 404 4012 κακῶς
429 3938 491 4018 ἀρα
514 3936 571 4020 τὴν
595 3936 684 4000 πόλιν
709 3935 887 4022 οἰκήσομεν,

133 4083 269 4091 ..—-..——.
276 4083 293 4090 >-

225 4165 471 4243 Uffimmh
