2850 4560
605 39 824 103 ..2ss-

153 233 301 317 dedisse,
337 241 377 298 ut
406 256 460 298 ras
492 234 567 321 ipsa
598 242 803 320 congrueret
835 235 999 320 cuiusque
1040 236 1192 303 numinis
1224 235 1279 302 in-

152 341 267 406 vocati
290 341 454 427 potestati
478 363 516 405 ac
539 341 747 427 provinciae.
803 341 904 418 Quod
926 343 987 407 ubi
1010 343 1069 427 sit,
1095 343 1276 410 ostendam

153 456 255 534 atque
278 469 478 535 proponam.
526 447 595 512 Sed
618 456 832 513 transeamus
856 449 900 514 ad
924 450 1080 534 singula!

241 555 293 620 Ac
324 578 486 642 persaepe
521 563 672 620 oratores
708 557 862 620 omnium
894 558 1102 622 Graecorum
1135 580 1278 625 consuc-

152 662 270 727 tudine
306 661 344 726 in
378 661 534 747 precibus
570 662 640 726 suis
676 670 710 726 et
744 662 945 728 iuramentis
980 663 1159 728 universos
1195 665 1278 730 deos

153 768 315 834 obtestati
346 774 440 851 sunt,
472 775 511 832 ut
539 771 671 854 εὔχομαι
698 779 761 845 τοῖς
785 771 884 852 θεοῖς,
917 773 960 856 μὰ
984 771 1048 854 (νὴ)
1076 775 1148 847 τοὺς
1172 773 1279 856 θεούς,

150 880 229 961 πρὸς
253 879 340 941 θεῶν
364 883 426 941 etc.

240 985 323 1049 Deis
354 983 541 1068 coniuncti,
579 1007 699 1050 vorum
734 1007 910 1070 nunquam
947 985 1014 1071 ipsi
1049 1008 1109 1071 per
1140 981 1195 1050 se'
1212 986 1277 1050 im-

150 1092 330 1178 plorantur
353 1091 470 1176 paucis
494 1091 577 1156 locis
601 1092 720 1156 heroes
745 1100 778 1156 et
801 1091 993 1175 daemones,
1019 1115 1105 1176 quae
1122 1093 1276 1176 numina,

150 1197 187 1263 id
207 1198 298 1283 qnod
322 1197 397 1283 ipso
421 1195 608 1261 semideum
630 1198 769 1262 nomine
791 1198 992 1281 declaratur,
1018 1197 1168 1262 medium
1185 1198 1277 1263 inter

150 1305 288 1370 deeset
315 1304 471 1368 homines
499 1305 611 1369 locum
639 1306 811 1371 tenebant.
827 1309 847 1386 ¹)
902 1306 957 1370 Ita
989 1306 1170 1371 collocatos
1202 1329 1276 1370 esse

149 1411 306 1476 videmus
327 1410 419 1497 apud
440 1409 598 1476 Aeschiu.
622 1414 651 1492 3,
678 1413 741 1476 137
766 1413 790 1474 ὡ
814 1421 855 1497 γῆ
880 1415 935 1475 καὶ
958 1413 1029 1476 θεοὶ
1053 1415 1107 1476 καὶ
1131 1414 1276 1498 δαίμονες

149 1521 384 1620 καζάνθρωποι
409 1526 442 1583 et
459 1517 550 1604 apud
566 1517 709 1604 Antiph.
736 1519 765 1602 l,
790 1520 833 1584 ‘27
857 1522 927 1584 οὔτε
951 1521 1046 1597 θεοὺς
1071 1522 1141 1583 οὔτε
1164 1521 1275 1602 ἥρωας

150 1631 220 1692 οὔτε
245 1628 434 1712 ἀνθρώπους
458 1628 683 1712 niquitatem.

242 1737 372 1800 Heroes
389 1734 508 1820 igitur,
534 1735 593 1819 qni
617 1742 756 1821 propter
772 1735 898 1799 eximia
919 1735 957 1798 in
978 1735 1128 1821 patriam
1151 1736 1275 1801 merita

149 1842 286 1928 magnis
310 1864 349 1906 ac
368 1863 475 1927 paene
497 1840 625 1904 divinis
647 1841 835 1906 honoribus
852 1841 1093 1925 colebantur,²)
1118 1842 1274 1906 invocari

149 1952 319 2034 solebant,
349 1957 388 2013 ut
412 1972 431 2013 a
463 1949 577 2036 patria
601 1957 796 2013 averterent
819 1949 971 2035 pericula
996 1929 1134 2034 eiusque
1158 1956 1275 2036 patro-

148 2059 278 2124 cinium
295 2056 515 2143 susciperent.
563 2055 743 2120 Eiusmodi
767 2078 882 2141 preces
907 2055 1010 2120 habet
1030 2057 1213 2141 Lycurgus
1238 2057 1274 2121 in

153 2173 238 2231 orat.
269 2173 388 2229 contra
412 2165 612 2228 Leocratern
643 2171 662 2241 ξ
688 2165 722 2229 l:
763 2167 895 2251 εὔχομαι
919 2167 980 2250 γὰρ
1010 2174 1048 2249 τῇ
1075 2164 1199 2249 Ἀθηνᾷ
1222 2168 1276 2229 καὶ

147 2285 209 2351 τοῖς
234 2275 340 2349 ἄλλοις
361 2275 448 2348 θεοῖς
469 2275 604 2347 καὶτοῖς
630 2272 731 2354 ἥρωσι
754 2282 817 2347 τοῖς
841 2275 924 2335 κατὰ
947 2272 1003 2355 τὴν
1025 2272 1114 2336 πόλιν
1139 2275 1193 2335 καὶ
1216 2273 1274 2355 τήν

147 2382 257 2467 χώραν
287 2380 458 2466 ἱδρυμένοις
568 2380 750 2442 Praeterea
775 2377 939 2444 Dinarcb.
967 2381 1000 2461 1,
1033 2378 1077 2442 64
1107 2385 1141 2442 et
1174 2379 1273 2445 Dem.

147 2488 245 2574 epist.
270 2488 300 2571 2,
333 2509 368 2573 p.
394 2487 490 2569 1471,
515 2490 547 2552 9.

237 2595 452 2659 Daemonum
480 2600 595 2658 autem
624 2592 735 2677 qualis
763 2599 888 2657 natura
918 2599 952 2656 et
975 2591 1028 2656 vis
1056 2614 1076 2656 a
1099 2592 1274 2657 veteribus

147 2701 299 2785 cogitata
328 2707 429 2781 osset,
461 2720 531 2764 non
559 2699 643 2764 satis
667 2700 882 2785 exploratum
906 2706 940 2762 et
962 2706 1177 2784 perspectum
1201 2722 1275 2763 esse

146 2809 331 2892 videtur.³)
386 2808 567 2873 Habentur
598 2808 689 2872 enirn
721 2815 794 2871 tum
827 2828 889 2892 pro
921 2806 1008 2890 deis,
1041 2815 1115 2872 tum
1144 2807 1274 2872 diversi

148 2918 191 2982 ab
223 2916 272 2981 eis
304 2916 517 3000 cogitantur,
549 2924 624 2980 turn
657 2924 716 2979 aut
746 2914 915 2979 malevola
939 2914 1106 2999 quaedam
1130 2915 1274 2981 numina

147 3033 181 3090 ct
206 3025 345 3090 inimice
368 3023 565 3088 hominibus
591 3029 650 3087 aut
682 3021 825 3108 benigni
856 3021 997 3086 (lacrum
1028 3022 1273 3107 hominumque

146 3130 355 3198 internuncii
371 3131 523 3194 existunt
540 3129 595 3210 (ef.
609 3129 697 3195 Plat.
712 3129 847 3194 conviv.
861 3129 927 3194 202
940 3129 970 3193 E
973 3148 994 3212 ).
1038 3129 1272 3214 Implorantur

146 3250 261 3307 unitam
284 3239 467 3304 daemones
491 3237 534 3302 ab
557 3236 750 3302 oratoribus
774 3237 885 3302 tribus
910 3237 993 3301 locis
1016 3259 1077 3302 nec
1101 3236 1200 3301 facile
1222 3246 1273 3301 est

146 3347 326 3435 explicare,
352 3343 433 3430 quid
456 3343 523 3408 sibi
545 3343 631 3407 velit
652 3365 769 3407 eorum
788 3344 970 3410 invocatio.
1019 3342 1087 3407 Sed
1109 3343 1272 3427 qnoniam

146 3455 283 3521 illorum
314 3461 467 3540 potestas
500 3461 569 3516 tam
607 3451 734 3517 incerta
767 3460 800 3515 et
835 3451 940 3517 dubia
976 3458 1064 3526 erat,
1100 3462 1180 3514 suut
1212 3451 1271 3535 qui

146 3561 330 3648 opinentur
353 3581 393 3624 ea
417 3556 562 3622 iuranda
585 3557 730 3621 fortasse
754 3556 797 3622 ad
822 3556 921 3621 (lives
946 3578 1062 3620 inanes
1087 3556 1269 3641 pertinere.

147 3666 248 3746 Quod
270 3665 453 3730 convenire
478 3663 587 3728 fateor
611 3664 783 3750 precibus,
815 3685 902 3748 quae
930 3662 1149 3748 reperiuntur
1178 3662 1270 3749 apud

241 3798 267 3913 ¹)-
290 3839 495 3911 Naegclabacb
515 3814 794 3911 (nnohhorucrisrbo
810 3839 979 3909 Theologie,
1001 3840 1082 3912 1857)
1102 3858 1128 3911 p.
1150 3842 1207 3894 lot.

238 3934 259 4000 ¹)
288 3929 331 3984 Ct'.
350 3929 386 3984 ilo
411 3928 491 3983 hisco
516 3929 682 3984 inuuinibus
709 3927 819 3982 Prellor
847 3928 1049 3999 (Grioolriscbe
1078 3927 1270 3999 Mytbologio,

147 4019 229 4093 1854)
247 4018 305 4075 vol.
325 4017 363 4073 11.

234 4108 259 4183 ⁸)
285 4105 500 4176 Naegelsbach,
520 4124 546 4178 p.
568 4108 627 4161 113.
