2850 4560
600 68 816 153 naq..

147 282 328 375 Γλαυκέτην
352 312 421 371 ...;
446 289 481 351 οὐ
499 292 550 372 μὰ
572 290 625 350 τὸν
650 286 701 370 Δί’,
726 287 750 350 ὡ
777 287 886 368 ἄνδρες
910 285 1060 369 δικασταί,
1084 285 1167 351 ἀλλὰ
1189 286 1270 352 πολὺ

148 399 271 482 αἴσχιον
296 448 302 460 .
327 447 365 461 ..
396 396 492 459 Haec
515 394 668 479 exempla
693 416 712 456 a
736 393 904 457 vocabulo
929 393 1012 456 ἀλλά
1036 414 1106 458 non
1130 395 1272 460 alteram

147 505 469 589 interrogationem,
503 503 563 567 sed
593 501 801 566 contrariam
833 501 1036 565 sententiam
1070 503 1150 568 duci
1177 505 1271 569 lucu-

148 616 257 680 lenter
279 615 462 680 declarant.
510 616 696 700 Perperam
711 614 821 698 igitur
837 613 983 696 Bellen
1005 635 1105 697 quem
1122 610 1278 676 Dindorf

148 729 182 786 et
205 723 513 808 Baiter-Sauppe1)
539 721 645 786 secuti
670 728 763 804 sunt,
793 719 885 785 hunc
913 721 1025 784 locum
1054 719 1145 805 apud
1173 721 1271 786 Dem.

149 830 193 912 (4,
220 832 273 913 11)
298 831 528 916 interpungit:
561 830 699 914 τέθνηκε
722 829 890 912 Φίλιππος
922 830 957 890 οὐ
983 831 1026 912 μὰ
1049 827 1100 892 Δί’.
1126 829 1193 892 ἀλλ’
1219 830 1273 891 ἀσ-

149 939 248 1021 aaran
287 937 393 1001 Recte
410 943 522 1001 autem
540 937 709 1018 Bromie:
739 935 878 1019 τέθνηκε
901 934 1068 1018 Φίλιππος;
1097 937 1132 997 οὐ
1157 938 1199 1020 μὰ
1223 935 1274 1018 Δί’,

150 1044 219 1108 ἀλλ’
246 1045 380 1108 ἀσθενεῖ.
426 1045 521 1109 Haeo
549 1044 733 1128 verborum
765 1042 956 1124 distinctio,
990 1064 1076 1125 quae
1099 1042 1273 1106 Voemelio

150 1173 285 1235 quoque
314 1152 493 1236 probatur,
526 1151 569 1216 ad
604 1151 717 1236 ipsum
750 1150 958 1234 colloquium
993 1150 1082 1212 inter
1118 1149 1273 1214 homines

151 1259 279 1323 otiosos
304 1259 499 1344 alacresque
522 1259 680 1323 habitum
705 1258 831 1343 optime
856 1257 1104 1322 accomodatur.

241 1367 309 1432 Seu
340 1374 379 1431 ut
409 1368 560 1451 redeam,
593 1367 683 1430 unde
716 1388 872 1451 egressus
904 1388 996 1429 sum:
1031 1387 1100 1429 uno
1132 1367 1206 1430 loco
1231 1366 1274 1430 ad

149 1497 351 1561 responsum
382 1475 520 1559 longior
551 1495 686 1558 quoque
717 1473 865 1537 formula
898 1475 955 1557 (μὰ
982 1476 1052 1548 τοὺς
1076 1474 1183 1559 θεοὺς)
1215 1474 1275 1539 acl·

151 1584 246 1648 ditur
269 1583 306 1648 in
330 1605 378 1648 or.
406 1584 457 1667 16,
484 1585 536 1648 13.

241 1693 293 1756 De
324 1691 457 1775 reliquo
488 1690 675 1776 particulae
709 1690 751 1774 μά
774 1711 839 1752 usu
863 1687 1010 1770 dicatur,
1043 1688 1096 1752 bis
1128 1688 1275 1753 indicari

150 1798 298 1863 formula
324 1801 367 1883 μὰ
383 1797 439 1860 Δία
463 1796 684 1861 subiectionis
709 1795 856 1879 figuram
875 1794 979 1880 (apud
995 1796 1093 1858 Dem.
1118 1797 1149 1878 8,
1177 1797 1218 1860 17
1242 1803 1275 1859 et

152 1905 237 1969 Isae.
260 1905 291 1987 4,
317 1903 383 1986 24),
409 1903 505 1968 cuius
529 1902 661 1987 figurae
685 1901 832 1966 indicem
857 1902 974 1965 multis
998 1902 1075 1966 aliis
1099 1902 1182 1966 locis
1207 1902 1275 1967 for-

154 2013 280 2077 mulam
304 2013 342 2095 νη
366 2012 422 2074 Δία
446 2033 516 2074 esse
539 2009 630 2074 infra
653 2008 856 2075 videbimus.

241 2119 420 2182 Postremo
445 2124 557 2182 autern
582 2116 668 2180 illud
693 2116 910 2180 alliciendum
935 2139 1006 2179 esse
1030 2116 1170 2182 violetur
1193 2119 1276 2183 haec

154 2224 345 2290 iuramenta
358 2224 526 2288 vocabulo
546 2225 589 2308 μά
609 2222 821 2287 conformata
838 2245 1015 2306 nunquam
1028 2223 1097 2288 dici
1109 2247 1184 2288 cum
1198 2226 1275 2289 irri-

153 2333 258 2416 sione,
284 2329 445 2416 quaevis
470 2329 666 2416 saepissime
691 2330 780 2393 inest
804 2329 840 2393 in
864 2329 963 2393 brevi
982 2329 1130 2396 formula
1152 2333 1189 2415 νη
1211 2332 1276 2396 Δία.

446 2528 506 2592 De
536 2526 729 2591 formula
760 2530 823 2591 ναὶ
855 2527 906 2612 μά

243 2653 304 2718 Ναί
334 2654 516 2740 particula,
550 2677 636 2738 quae
660 2654 865 2739 perantiqua
889 2661 922 2717 et
947 2674 1079 2738 semper
1103 2653 1277 2718 affirmans

154 2769 219 2846 est,
256 2761 360 2826 etiam
391 2770 487 2826 extra
519 2761 711 2826 iuramenta
747 2761 839 2846 apud
869 2760 1004 2826 Atticos
1015 2763 1040 2844 3)
1076 2763 1290 2848 praesertim

154 2869 338 2954 scriptores
369 2867 581 2953 frequentem
612 2868 650 2931 in
679 2890 780 2932 usum
804 2875 955 2932 venerat.
1011 2869 1053 2932 ln
1075 2869 1278 2934 iuramentis

155 2983 269 3041 autem
293 2977 368 3061 ipsa
391 2997 451 3061 per
475 2999 510 3040 se
533 2976 616 3040 haec
644 2975 814 3061 particula
842 2977 885 3040 ab
913 2976 991 3039 unis
1016 2975 1242 3041 Doriensibus
1254 2979 1277 3059 1)

154 3084 346 3169 ponebatur
370 3086 432 3165 (ναὶ
455 3085 498 3146 τὼ
524 3084 589 3167 σιώ,
613 3086 661 3147 ναὶ
680 3085 732 3147 τὸν
752 3083 901 3168 Ἑρμᾶν);
925 3082 1034 3146 Attici
1059 3090 1178 3148 eontra
1199 3107 1278 3149 con-

153 3190 298 3275 iungere
315 3190 470 3255 solebant
486 3193 532 3254 ναὶ
546 3191 597 3274 μά,
613 3212 699 3273 quae
712 3189 860 3253 formula
873 3188 1113 3273 antiquissimo
1127 3196 1279 3275 tempore

154 3298 193 3362 in
215 3297 333 3362 Attica
361 3319 431 3361 non
458 3297 572 3360 minus
601 3296 756 3381 viguisse
783 3296 892 3360 fertur
903 3297 927 3380 5’)
960 3320 1062 3381 quam
1090 3298 1278 3382 posteriorc

155 3411 266 3470 aetate
290 3404 494 3469 vocabulum
519 3403 556 3488 νη
582 3403 721 3468 ductum
745 3404 788 3468 ab
812 3404 871 3468 illa
895 3404 1063 3489 particula
1088 3404 1144 3468 ναί.

155 3552 316 3559 ——-—-

247 3640 267 3711 ¹)
295 3637 533 3708 Baiter-Sauppe,
553 3641 625 3690 orat.
644 3634 742 3701 Attici,
763 3635 860 3690 Turiei
881 3634 1063 3689 1838-1850.

188 3788 191 3797 ,
247 3729 269 3800 ²)
297 3727 403 3796 Bremi,
422 3725 629 3780 Demosthenis
649 3743 689 3778 or.
708 3725 842 3793 selectae,
863 3724 978 3778 Gothae
1000 3726 1076 3778 1829.

245 3818 268 3889 ³)
296 3816 439 3869 Kuehner
456 3815 486 3868 Il
505 3816 522 3868 2
541 3834 567 3885 p.
587 3814 640 3868 698
658 3831 720 3884 squ.

245 3908 268 3975 ⁴)
296 3906 430 3959 Eustath.
456 3905 494 3960 ad
518 3906 556 3959 Il.
584 3909 597 3959 1
623 3925 650 3960 v.
669 3905 723 3958 ‘234
746 3905 784 3976 (p.
804 3905 862 3976 92):
888 3907 986 3957 Ἰστὲρν
1007 3908 1048 3970 δὲ,
1073 3908 1112 3958 ὃτι
1131 3912 1204 3973 παρὰ
1223 3915 1280 3972 τοῖς

156 3999 291 4063 Δωριεῦσιν
312 3999 419 4061 εὓρηται
438 4000 465 4058 ἐξ
485 3999 568 4061 ὀρθοῦ
588 3999 770 4061 ὁρκωμοτικὸν
791 3999 923 4060 ἐπίρρημα
947 3998 983 4047 τὸ
1008 3999 1076 4060 ναί,
1106 4000 1162 4047 οἷον
1181 4000 1224 4047 ναὶ
1242 4001 1280 4049 τὼ

156 4089 210 4152 σιώ,
231 4089 277 4137 καὶ
295 4087 368 4151 τάχα
387 4088 420 4135 ἐκ
438 4086 532 4136 τούτου
552 4087 714 4150 μάλιστατὸ
733 4086 771 4150 νὴ
792 4087 973 4149 ὁρκωμοτικὸν
993 4087 1126 4150 ἐπίρρημα
1144 4087 1248 4150 γέγονε.

246 4174 267 4244 ⁵)
296 4169 459 4226 Schroeder
477 4171 685 4243 (Programm),
704 4189 730 4242 p.
753 4171 793 4224 12.
