2850 4560
573 136 792 201 ...53-

118 335 193 399 loco
226 333 317 418 apud
347 334 444 398 Deru.
470 334 527 415 20,
553 335 586 398 3;
624 333 708 396 ἀλλὰ
732 334 769 416 νὴ
795 332 837 397 Δί’
863 335 964 397 ἐκεῖνο
995 335 1031 396 ἂν
1059 336 1134 410 ἴσως
1158 336 1245 417 εἴποι,

120 443 166 504 ὅτι
195 441 246 504 διὰ
272 442 307 503 τὸ
339 439 452 524 ῥᾳδίως
481 439 697 517 ἐξαπατᾶσθαι
725 440 778 502 τὸν
807 439 919 524 δῆμον,
951 440 1001 502 διὰ
1028 440 1116 504 τοῦθ’
1147 443 1244 516 οὕτως

119 550 223 634 ἔθηκε
252 551 303 612 τὸν
336 548 438 631 νόμον.
492 547 627 612 Pariter
656 547 700 611 ad
723 547 877 632 protasis
904 547 963 612 illa
987 545 1135 612 formula
1159 546 1244 611 refe-

118 655 225 720 renda
249 662 300 719 est
322 655 387 719 hoo
412 675 544 738 quoque
568 654 642 719 looo
668 654 759 740 apud
787 654 885 718 Dem.
912 655 968 738 21,
1002 655 1081 719 222ι
1125 655 1245 739 θάρρει,

119 765 157 847 νὴ
187 762 243 827 Δία
273 761 383 846 φήσειέ
415 784 458 836 τις
490 764 541 844 ἄν,
572 767 675 845 atque
707 759 796 824 hano
826 766 954 824 rectam
986 760 1244 826 distinctionem

119 895 209 936 unus
225 870 366 936 Voemel
386 868 547 952 restituit,
573 891 649 932 cum
671 867 774 932 ceteri
796 889 913 931 omnes
935 868 1101 932 scribant:
1132 869 1245 952 θάρρει

118 981 157 1064 νὴ
182 980 250 1063 Δία,
282 977 392 1062 φήσειέ
416 999 459 1053 τις
483 979 530 1040 οἷν.
581 975 649 1040 Sed
673 982 711 1038 ut
733 975 911 1039 redeamus
936 974 981 1039 ad
1005 975 1055 1057 id,
1092 974 1184 1060 quod
1208 974 1243 1038 in

119 1086 232 1151 medio
257 1086 414 1150 relictum
438 1093 505 1150 est:
537 1086 686 1172 protasis
711 1109 788 1150 cum
811 1085 924 1172 posita
948 1093 1008 1168 est,
1033 1084 1181 1148 formula
1205 1085 1242 1167 νὴ

118 1195 177 1260 Δία
207 1195 356 1280 pertinet
385 1193 455 1258 fere
487 1194 531 1258 ad
562 1194 670 1275 illam;
703 1194 757 1258 sin
791 1200 904 1258 autern
937 1193 1063 1257 omissa
1087 1198 1138 1255 est
1160 1189 1245 1254 haec

117 1323 209 1387 pam,
233 1301 344 1366 nihilo
366 1305 470 1369 setius
491 1305 574 1370 lraeo
595 1304 742 1370 formula
768 1304 975 1388 relinquitur
997 1303 1034 1366 in
1055 1300 1245 1367 elocutione

118 1410 285 1495 subiecta,
318 1433 403 1496 quae
435 1415 618 1498 quominus
649 1414 814 1498 negativa
846 1413 891 1476 sit
921 1419 980 1476 aut
1003 1410 1129 1477 lrabeat
1154 1416 1243 1473 certo

118 1539 256 1582 sensum
283 1520 499 1604 negativum,
535 1522 624 1586 nihil
648 1522 776 1604 obstat,
805 1527 844 1584 ut
868 1519 959 1605 apud
982 1517 1112 1583 Audeo.
1143 1518 1176 1600 3,
1204 1516 1244 1579 15

120 1624 203 1688 ἀλλὰ
219 1627 257 1709 νὴ
275 1625 339 1710 Δία,
363 1630 421 1705 ἕως
446 1631 482 1693 ἂν
504 1630 761 1714 Δακεδαιμονίους
785 1627 1096 1713 καταπολεμήσωμεν
1201 1625 1245 1687 δεῖ

118 1731 278 1816 πολεμεῖν;
325 1733 393 1798 Sed
420 1742 459 1799 ut
486 1736 601 1800 lumen
629 1737 790 1800 afferatur
818 1735 1002 1799 verborum
1031 1730 1242 1814 obscuritati,

118 1837 215 1901 illum
244 1839 355 1903 locum
389 1842 458 1926 (54,
488 1844 544 1930 34)
576 1842 722 1928 exempli
752 1864 854 1906 causa
886 1841 997 1906 denuo
1029 1842 1065 1905 in
1094 1838 1244 1903 medium

118 1945 306 2032 producam
322 1949 425 2033 idque
447 1952 577 2036 protasi
598 1951 743 2016 adiecta:
770 1951 853 2014 ἀλλὰ
874 1952 912 2034 νὴ
930 1950 986 2013 Δία
1008 1949 1100 2037 [εἴποι
1120 1971 1163 2024 τις
1185 1944 1243 2034 drl,

118 2055 177 2117 οὐκ
202 2055 256 2118 εἰσὶ
279 2066 418 2120 τοιοῦτοι.
464 2058 602 2121 Protesi
626 2057 761 2121 sublata
784 2055 1006 2141 relinquitur:
1037 2055 1120 2119 ἀλλὰ
1136 2055 1173 2137 νὴ
1192 2053 1243 2136 Δί’,

118 2163 178 2224 οὐκ
202 2163 258 2226 εἰσὶ
280 2175 417 2230 τοιοῦτοι.
472 2165 573 2242 Quod
597 2167 758 2250 quoniam
788 2163 996 2250 supplendae
1021 2163 1151 2250 protasi
1174 2162 1242 2225 for·

118 2270 211 2333 mula
243 2272 280 2354 νὴ
312 2271 368 2334 Δία
399 2272 581 2337 tribuenda
613 2280 677 2356 est,
709 2273 747 2336 in
776 2272 961 2357 negatione
990 2294 1065 2335 eam
1095 2269 1243 2355 positam

117 2401 240 2463 parurn
272 2380 409 2465 proprie
441 2381 544 2447 dicas.
609 2382 705 2458 Quae
733 2404 808 2446 cum
838 2381 886 2445 ita
921 2380 1005 2464 sint,
1043 2377 1242 2458 carendum,

118 2508 160 2549 ne
192 2494 311 2550 contra
342 2486 509 2551 librorum
540 2489 794 2571 summitatem,
827 2488 863 2551 id
895 2486 985 2571 quod
1014 2486 1121 2550 Cobet
1151 2483 1242 2566 fecit,

119 2591 209 2656 hunc
233 2593 343 2657 locum
368 2601 538 2659 mutemus
564 2604 597 2660 et
621 2600 665 2680 μὰ
688 2595 744 2659 Δία
769 2595 968 2660 scribamus,

207 2701 301 2765 Haec
335 2709 447 2767 autem
480 2703 594 2769 brevis
626 2702 774 2767 formula
805 2705 843 2787 νὴ
873 2703 929 2767 Δία
961 2725 981 2766 a
1012 2699 1243 2766 Demosthene

118 2806 316 2892 saepissime
347 2817 533 2895 usurpatur
569 2810 607 2874 in
642 2809 865 2892 subiectione,
907 2816 946 2873 ut
980 2807 1066 2875 falso
1104 2806 1244 2871 adnotet

119 2913 317 2978 scholiastes
350 2915 393 2979 ad
428 2938 460 3002 p.
495 2918 572 3000 731,
607 2917 648 2981 16
682 2921 743 2999 (or.
774 2917 830 2999 24,
863 2917 932 2997 oth:
974 2926 1017 3001 τῷ
1041 2919 1101 3001 γὰρ
1125 2915 1162 2996 νὴ
1187 2912 1243 2975 Δία

117 3034 277 3107 πανταχοῦ
303 3023 319 3086 ὁ
344 3023 447 3107 ῥήτωρ
471 3026 519 3088 ἐπὶ
543 3026 700 3110 διασυρμῷ
724 3035 848 3109 χρῆται.
888 3024 1002 3100 Quare
1027 3022 1067 3087 de
1091 3021 1156 3085 hoc
1178 3041 1244 3083 usu

117 3152 225 3215 pauca
249 3152 417 3216 exponere
441 3131 527 3195 mihi
550 3132 668 3195 liceat!

207 3236 259 3301 Ac
283 3258 343 3301 suo
368 3236 441 3301 iure
465 3237 648 3303 Rehdantz
678 3239 764 3318 (lnd.
790 3239 808 3302 I
831 3261 863 3323 p.
891 3240 967 3320 186)
996 3237 1242 3302 subiectionem
1296 3244 1299 3250 '

118 3342 203 3407 dicit
243 3344 421 3429 permultis
456 3345 540 3409 locis
576 3345 724 3410 indicari
760 3346 862 3430 gravi
895 3352 928 3409 et
963 3352 1063 3409 aucta
1094 3342 1242 3407 formula

120 3453 203 3515 ἀλλὰ
227 3455 264 3537 νὴ
289 3453 353 3537 Δία,
377 3474 479 3536 quam
503 3452 665 3537 designat
690 3454 732 3519 G.
757 3455 802 3518 H.
828 3451 989 3518 Sohaefer
1014 3456 1104 3538 (app.
1126 3473 1171 3515 cr.
1193 3450 1243 3514 IV

118 3580 150 3643 p.
176 3558 254 3641 584)
286 3561 483 3623 sollemnem
515 3560 607 3623 illius
639 3559 771 3644 figurae
795 3559 954 3624 indicem.
1008 3558 1060 3623 Ao
1091 3556 1243 3643 profecto

118 3665 207 3731 hano
238 3667 421 3733 formulam
452 3668 482 3731 si
514 3666 812 3750 animadverteris
845 3667 1011 3733 subiectio
1036 3665 1137 3730 modo
1162 3687 1244 3729 vera

119 3773 220 3838 modo
253 3774 340 3839 falsa
373 3775 591 3860 subsequitur
622 3782 682 3840 aut
706 3783 796 3840 certe
820 3776 935 3860 aliqua
959 3797 1012 3838 res
1036 3772 1243 3839 adversariis

119 3903 290 3967 prospera,
310 3905 395 3967 quae
408 3883 630 3967 refringatur,
648 3884 757 3947 veluti
771 3883 861 3969 apud
873 3882 1140 3947 Demosthenem
1153 3883 1182 3964 6,
1202 3883 1243 3946 13

121 3987 227 4051 ἀλλὰ
251 3989 295 4070 νὴ
321 3987 387 4072 Δί’,
411 3993 488 4054 εἴποι
512 4012 555 4066 τις
579 3992 625 4073 ἄν,
651 3990 693 4066 ὡς
716 3990 817 4054 πάντα
840 3988 923 4053 ταῦτ’
948 3989 1044 4073 εἰδώς,
1068 3990 1103 4052 οὐ
1119 3988 1243 4052 πλεονε-

120 4094 183 4173 ξίας
207 4097 386 4160 ἕνεκεν
411 4098 494 4161 ταῦτ’
518 4097 660 4179 ἔπραξεν.
705 4097 888 4161 Praeterea
911 4098 942 4179 8,
968 4096 1116 4177 9-10,
1142 4095 1184 4159 73
1201 4134 1242 4141 --

121 4202 172 4286 13,
198 4202 298 4268 28-
317 4204 368 4288 16,
394 4205 469 4268 6-
492 4206 543 4290 19,
570 4204 691 4270 158-
710 4204 763 4288 20,
786 4205 815 4288 3,
838 4204 891 4290 20,
913 4204 966 4289 58,
990 4204 1032 4269 75
1052 4242 1089 4252 -
1108 4203 1160 4287 21,
1180 4204 1244 4270 160
