2850 4560
601 105 819 174 ..gon

147 306 198 371 ὅτε
222 305 256 370 δὲ
280 305 428 391 ἐπάγεται
450 304 570 391 γενικὴ,
594 305 627 384 ἐξ
651 306 794 390 ἀνάγκης
818 305 965 384 ὀξύνεται.
988 306 1058 370 τότε
1074 310 1135 392 γὰρ
1151 305 1275 384 πάντως

146 415 168 498 ἢ
201 413 439 498 σχετλιαστικὸν
471 415 553 478 ἐστιν
581 414 602 498 ἢ
634 414 859 498 θαυμαστικόν.
916 413 982 478 His
1006 414 1135 480 similia
1157 415 1274 501 prodit
1347 395 1348 399 Ἰ

147 527 234 586 teste
269 522 520 603 Buttmanno¹)
551 519 747 606 Hesychius
780 528 814 586 et
843 521 960 606 Etym.
993 523 1039 587 M.
1071 545 1104 608 p.
1135 502 1204 607 79,'
1222 525 1273 589 13.

147 628 277 693 Nostro
301 628 412 713 igitur
436 628 510 692 iure
534 627 716 692 scribimus
740 627 839 692 verbi
863 650 966 692 causa
990 630 1015 692 ὤ
1040 651 1101 714 μοι,
1126 632 1151 694 ὢ
1173 631 1275 715 πόποι,

147 739 172 802 ὢ
195 747 252 822 τῆς
277 738 441 816 ἀναιδείας.
489 738 590 822 Quod
614 737 769 822 quisita
792 744 857 819 est,
883 737 920 800 in
943 735 998 800 his
1022 758 1158 821 quoque
1182 735 1274 800 iura·

147 844 272 909 mentis
305 847 330 908 ὢ
361 865 424 930 pro
456 845 481 909 ὦ
514 844 749 909 collocandum
782 867 853 908 esse
885 851 967 908 sunt
990 842 1050 927 qui
1078 842 1274 929 opinentur.

149 953 191 1018 G.
216 953 261 1018 H.
287 951 449 1018 Schaefer
473 952 613 1037 quidem
637 957 728 1038 (app.
754 975 800 1017 cr.
825 953 843 1016 I
866 975 899 1038 p.
926 953 992 1016 750
1015 958 1049 1015 et
1072 951 1130 1026 ΙΙΙ7
1150 974 1183 1037 p.
1209 953 1275 1016 396

147 1067 181 1124 ct
203 1061 282 1143 452)
307 1060 466 1126 omnibus
497 1059 550 1124 his
579 1060 664 1125 locis
688 1063 713 1124 ὤ
737 1058 989 1124 restituendum
1016 1081 1088 1123 esse
1113 1065 1236 1124 censet.
1249 1060 1275 1142 2)

148 1167 217 1233 Sed
248 1167 408 1252 quamvis
439 1173 533 1231 recta
565 1166 649 1251 sint,
683 1159 768 1250 quae
792 1166 856 1232 Th.
881 1167 1052 1252 Magister
1082 1165 1210 1250 aliique
1233 1165 1275 1230 de

147 1274 213 1339 hoc
244 1280 387 1340 accentu
416 1273 650 1358 tradiderunt,
686 1282 803 1339 tamen
839 1296 878 1339 ea
909 1273 947 1338 in
977 1271 1079 1338 hasce
1109 1272 1275 1337 formulas

148 1381 269 1448 cadere
298 1403 364 1466 ego
394 1369 616 1466 negaverim.-
662 1382 863 1446 Dolentium
886 1403 967 1445 sane
991 1386 1051 1445 aut
1074 1379 1275 1444 mirantium

148 1487 421 1570 exclamationes
447 1488 566 1572 quales
588 1486 725 1572 quidem
742 1472 920 1553 vocabulis
937 1489 963 1550 ὤ
980 1509 1037 1572 μοι,
1062 1487 1205 1566 dandum,
1229 1486 1275 1549 si-

147 1595 287 1660 milibus
300 1595 511 1678 emittantur,
529 1596 572 1660 ab
584 1595 639 1659 his
656 1595 859 1660 iuramentis
871 1601 964 1659 certo
977 1594 1109 1660 alienae
1123 1615 1162 1658 ac
1174 1593 1275 1678 plane

147 1708 299 1767 remotae
320 1707 401 1766 sunt
417 1724 527 1786 neque
542 1723 625 1766 vero
641 1723 712 1765 non
727 1701 915 1765 verisimile
932 1708 983 1766 est
999 1700 1273 1765 interiectionem

148 1811 174 1874 ὦ
194 1805 249 1872 his
270 1808 355 1874 locis
375 1828 438 1894 pro
459 1807 596 1892 integro
613 1830 695 1872 casu
710 1807 914 1891 vocativo‚³)
938 1806 1084 1872 fortasse
1101 1828 1163 1894 pro
1179 1809 1205 1871 ὡ
1223 1811 1275 1871 ἀν-

148 1917 219 1999 δρες
235 1914 395 1999 Ἀθηναῖοι
416 1914 473 1978 vel
494 1914 637 1978 branconi
657 1914 805 2001 positam
821 1912 937 1998 fuisse,
961 1922 1002 1978 ut
1024 1914 1093 1977 illis
1117 1912 1275 1978 formulis

150 2021 342 2106 antiquitus
367 2021 424 2087 hio
450 2020 521 2086 fere
550 2044 670 2086 sensus
694 2022 941 2087 contineretur:
975 2024 999 2085 ὡ
1032 2020 1155 2109 [ἄνδρες
1179 2020 1275 2107 Ἀθη-

151 2127 249 2217 valed,
280 2131 357 2212 πρὸς
387 2138 449 2192 τῶν
480 2129 566 2192 θεῶν
598 2127 719 2216 [δέομαι
749 2127 848 2216 ὑμῶν]
880 2128 988 2213 λέγετὲ
1012 2150 1062 2213 μοι
1086 2178 1153 2212 ...,
1182 2126 1274 2192 unde

149 2235 324 2300 nonnullis
348 2234 526 2299 vocabulis
555 2234 690 2298 omissis
719 2232 804 2299 haee
832 2234 948 2300 brevis
976 2233 1124 2300 formula
1147 2237 1173 2298 ὦ
1197 2238 1275 2319 πρὸς

149 2351 212 2407 τῶν
235 2343 329 2406 θεῶν·
345 2340 498 2428 profecta
522 2363 594 2406 esse
613 2341 762 2408 videtur.
811 2342 907 2418 Quae
931 2364 1008 2406 cum
1031 2341 1081 2406 ita
1104 2342 1184 2428 sint,
1209 2343 1274 2408 oir-

119 2465 120 2468 ’
147 2449 353 2514 cumflexum
371 2451 395 2513 ὡ
413 2470 478 2534 ego
495 2449 645 2526 arbitror
666 2449 944 2536 anteponendum
965 2472 1047 2533 esse,
1072 2451 1275 2537 praesertim

148 2577 225 2620 cum
256 2555 339 2622 haec
370 2555 540 2643 scriptura
570 2556 683 2621 tribus
714 2556 800 2621 locis-
835 2557 988 2621 omnium
1019 2556 1175 2623 codicum
1207 2557 1274 2623 fide
1363 2594 1368 2603 ·

148 2664 371 2751 comprobata
394 2664 449 2730 sit.
460 2666 486 2747 ⁴)
533 2663 601 2730 Sed
624 2665 802 2730 redeamus
826 2664 983 2730 adrem!

198 2833 200 2837 .
238 2772 351 2837 Semel
381 2772 545 2857 leguntur
577 2771 642 2837 hee
673 2772 845 2860 simplices
873 2772 1058 2840 formulae:
1109 2777 1187 2858 πρὸς
1217 2784 1290 2860 τῆς·

148 2879 288 2964 Ἀθηνᾶς
311 2879 403 2966 apud
422 2877 587 2944 Dinarch.
614 2881 644 2966 l,
667 2880 711 2944 45
735 2887 770 2944 et
792 2884 869 2964 πρὸς
891 2891 955 2945 τοῖν
978 2870 1066 2946 θεοῖν4
1090 2880 1274 2966 ἐπισκήπτω

144 2983 241 3072 apud
264 2984 479 3051 Andocidem
504 2987 533 3070 1,
557 2986 611 3052 32.

241 3203 261 3274 ¹)
288 3201 343 3256 Ph.
362 3201 526 3254 Buttmann
551 3198 765 3272 (aussuhrlichc
784 3217 828 3271 gr.
847 3199 1055 3274 Sprachlebre‚
1086 3201 1274 3277 1819-1827)

148 3289 224 3362 Hp.
243 3291 304 3345 379.

242 3383 264 3453 ¹)
291 3379 375 3435 Idem
393 3379 500 3434 statuit
518 3378 699 3434 Boissonade
718 3379 755 3434 ad
768 3380 916 3436 Aristaen.
935 3400 962 3454 p.
981 3382 1034 3436 209
1053 3389 1084 3438 et
1101 3383 1219 3438 Brunck
1238 3384 1276 3439 ad

148 3469 296 3541 Aristoph.
315 3470 438 3541 Lysistr.
458 3469 512 3524 836
532 3475 561 3524 et
579 3468 736 3524 Ecclesiam
757 3471 816 3525 160.
932 3483 938 3496 ·

238 3560 261 3626 ⁸)
282 3559 390 3614 Casum
405 3558 575 3615 vocativum
591 3557 641 3611 hic
653 3558 830 3630 explendum
847 3576 911 3615 esse
924 3559 1035 3615 Reiske
1050 3579 1165 3633 quoque
1181 3562 1275 3618 sensit

148 3647 303 3721 (Schaefer
326 3666 391 3719 app.
411 3665 450 3702 cr.
469 3647 485 3700 l
508 3665 535 3718 p.
555 3647 620 3718 750)
639 3647 714 3700 haec
732 3647 890 3703 adnotans:
919 3653 958 3715 „e
977 3655 1044 3716 πρὸς
1062 3655 1120 3716 Διὸς
1139 3650 1169 3704 id
1188 3655 1274 3705 estd

148 3745 243 3806 μῶροι,
270 3741 291 3790 e
316 3742 426 3804 ἀνόητοι
451 3740 531 3803 ὑμεῖς
579 3735 729 3805 Cogitabit
755 3736 812 3791 hoc
839 3738 982 3792 lectorum
1011 3739 1133 3809 quisque
1160 3757 1273 3796 secum:

149 3832 248 3882 orator
267 3831 367 3881 autem
386 3824 467 3879 haud
486 3823 614 3879 audebat
631 3825 720 3895 plane
739 3826 898 3896 proloqui.‘⁴
935 3827 993 3881 Sed
1009 3828 1084 3883 haec
1096 3829 1161 3900 ipsa
1173 3830 1273 3900 verba,

149 3932 328 3986 quamquam
345 3913 377 3968 in
395 3913 489 3967 tribus
508 3912 610 3984 primis
630 3913 700 3967 locis
723 3912 818 3970 irrisio
839 3915 984 3986 quaedam
1002 3916 1091 3989 inest,
1113 3919 1201 3974 simul
1225 3938 1273 3975 au-

148 4002 211 4057 dita
229 4019 294 4057 esse
312 4001 364 4057 vix
383 4001 549 4056 credideris.

237 4094 259 4162 ⁴)
280 4091 322 4146 Of.
336 4090 425 4146 etiam
437 4092 599 4148 Buttmann
612 4094 682 4164 Hp.
695 4094 756 4150 379⁴
788 4095 827 4149 Et
838 4095 903 4166 ipse
915 4096 1059 4152 Kuehner
1071 4099 1273 4171 (Griechische

148 4180 340 4249 Grammatik,
358 4180 383 4233 2.
396 4180 473 4236 Aufl.
496 4181 576 4255 1870)
595 4183 674 4236 hunc
692 4192 848 4238 accentum
866 4185 968 4240 scribit
986 4187 1037 4258 (II,
1058 4189 1072 4241 1
1091 4208 1118 4261 p.
1131 4191 1187 4264 45).
