2850 4560
565 131 786 195 „43-

157 330 186 412 3,
214 331 279 394 137
304 331 328 394 ὡ
353 338 395 415 γῆ
420 332 473 393 καὶ
497 332 566 393 θεοὶ
590 333 643 392 καὶ
666 329 806 412 δαίμονες
830 330 884 390 καὶ
909 329 1072 410 ἄνθρωποι

158 439 187 519 3,
213 438 279 502 260
303 439 327 502 ὡ
352 447 394 522 γῆ
420 440 472 500 καὶ
494 438 564 520 ἥλιε
589 440 643 500 καὶ
667 437 764 519 ἀρετὴ
789 439 843 499 καὶ
867 435 984 511 σύνεσις
1008 436 1061 496 καὶ
1084 433 1216 498 παιδεία.

190 543 308 616 Finita
322 550 436 608 autem
449 557 483 607 et
496 543 652 607 absoluta
665 541 729 606 hac
745 540 971 605 formularum
984 537 1238 625 comparatione

112 650 316 736 priusquam
339 650 472 734 reliqua
496 669 597 734 porro
622 654 821 730 tractentur,
846 646 933 711 mihi
951 647 1052 710 liceat
1068 645 1126 728 eiS,
1152 667 1239 730 quae

112 756 153 820 de
179 757 351 820 communi
376 779 493 820 earum
516 778 581 819 usu
607 756 762 841 exposita
786 761 876 845 sunt,
901 776 1010 839 pauca
1034 752 1198 818 subicere.

190 865 244 928 Ex
260 865 419 928 omnibus
437 864 546 949 igitur
564 864 757 928 oratoribus
775 861 1042 926 Demosthenem
1058 860 1112 925 his
1129 860 1238 945 preci-

110 972 175 1036 bus
189 977 222 1035 et
235 971 389 1036 iurandis
402 971 549 1035 maxime
567 971 772 1035 delectatum
785 990 856 1033 esse
873 976 974 1033 antea
987 967 1238 1032 demonstravi-

110 1100 198 1142 mus.
236 1076 304 1142 Sed
321 1079 478 1161 quamvis
496 1100 623 1159 magna
641 1099 757 1140 earum
774 1094 888 1139 rerum
905 1075 1004 1161 copia
1021 1081 1055 1138 et
1070 1074 1239 1139 varietate

111 1184 276 1267 abundet,
309 1192 424 1249 tamen
448 1186 503 1249 vet
534 1185 571 1248 in
602 1184 745 1247 minutis
777 1184 877 1248 rebus
902 1189 1024 1270 certas
1043 1182 1136 1265 leges
1161 1203 1248 1244 eum-

111 1293 210 1377 sequi
239 1291 338 1356 facile
370 1300 521 1378 apparet.
576 1293 750 1356 Nimirum
781 1314 862 1377 prae
894 1289 1014 1354 ceteris
1042 1288 1099 1353 hic
1123 1295 1238 1352 orator

110 1399 148 1464 in
173 1399 242 1462 illis
266 1399 422 1463 formulis
447 1407 610 1485 appetens
636 1407 709 1463 erat
732 1398 924 1481 brevitatis
949 1405 988 1461 ut
1005 1404 1038 1461 et
1055 1396 1238 1460 articulum

111 1506 285 1570 omitteret
301 1509 358 1591 (pet
374 1506 438 1589 dte,
462 1507 499 1589 νὴ
517 1506 582 1589 Δία,
602 1509 681 1587 πρὸς
698 1504 775 1590 Διὸς,
796 1507 873 1589 πρὸς
889 1507 983 1589 θεῶν,
1003 1506 1082 1587 πρὸς
1099 1502 1169 1578 Διὸς
1184 1505 1239 1565 καὶ

38 1608 42 1614 ’
112 1617 206 1695 θεῶν,
230 1613 408 1697 Ἡράκλεις)
432 1634 541 1695 neque
569 1618 822 1675 consectaretur
843 1611 1012 1675 vocabula
1034 1609 1147 1694 ampla
1168 1629 1237 1671 ser-

110 1740 314 1802 monemque
339 1718 511 1800 ornantia,
537 1718 717 1802 ’diepam
741 1728 854 1801 σῶτερ,
878 1717 955 1782 alia.
1007 1715 1100 1780 Huic
1123 1721 1237 1779 autem

111 1826 362 1890 dissimillimus
388 1824 521 1888 exstitit
544 1824 745 1908 Aeschinen,
772 1815 830 1909 qni
854 1823 1141 1909 quemadmodum
1166 1845 1236 1886 om-

111 1935 193 1998 nino
215 1934 257 1998 ad
280 1933 447 1997 orationis
471 1940 640 1996 tumorem
663 1933 854 2019 propendet
875 1934 1128 2018 verborumque
1152 1937 1236 1995 stre·

114 2041 223 2126 pitum
256 2048 361 2123 amat,
395 2040 444 2103 ita
475 2040 512 2102 in
541 2038 595 2102 his
628 2062 762 2124 quoque
794 2040 997 2104 iuramentis
1028 2039 1154 2104 latiora
1177 2039 1237 2102 illa

116 2153 157 2233 μὰ
186 2153 239 2213 τὸν
265 2149 321 2212 Δία
351 2151 404 2211 τὸν
430 2147 610 2232 Ὀλύμπιον,
642 2150 666 2211 ὡ
695 2158 736 2233 γῆ
766 2152 820 2212 καὶ
848 2150 917 2212 θεοὶ
940 2150 993 2211 καὶ
1016 2148 1158 2232 δαίμονες

112 2263 146 2320 et
166 2256 351 2320 excelsiora
372 2257 408 2340 νὴ
430 2259 482 2319 τὸν
498 2255 648 2339 Ποσειδῶ,
674 2260 717 2341 μὰ
732 2259 785 2319 τὸν
803 2256 957 2340 Διόνυσον,
981 2254 1050 2319 alia
1070 2253 1106 2318 id
1128 2276 1236 2339 genus

110 2361 179 2427 sibi
210 2361 352 2447 delegit,
386 2370 425 2425 ut
449 2363 553 2426 etiam
581 2361 646 2427 hac
669 2385 710 2426 ex
734 2370 831 2448 parte
855 2385 976 2427 verum
1000 2363 1046 2427 sit
1069 2362 1155 2427 illud
1180 2362 1236 2426 Oi-

110 2471 260 2536 ceronis:
289 2470 460 2557 „sonitum
477 2469 674 2554 Aeschines,
692 2472 764 2534 vim
781 2471 1029 2536 Demosthenes
1046 2470 1197 2536 habuit.“
1213 2473 1235 2553 ¹)

202 2773 357 2838 Tertium
378 2780 429 2837 est
449 2775 674 2860 propositum,
701 2783 739 2839 ut
764 2797 849 2859 quae
874 2776 911 2838 in
934 2775 988 2838 his
1011 2772 1169 2838 formulis
1193 2771 1236 2838 ad

111 2879 337 2963 grammatica
361 2880 565 2965 pertineant,
591 2882 832 2946 demonstrem.

199 2987 314 3071 Atque
337 2993 377 3050 ut
401 2987 560 3052 exordiar
585 3012 605 3052 a
629 2988 807 3074 particulis
833 2990 884 3073 pot,
908 2991 956 3052 ναὶ
981 2990 1032 3073 μά,
1055 2988 1106 3072 rip
1135 3009 1235 3052 voca·

109 3092 182 3157 buli
208 3093 251 3177 μά
275 3093 373 3177 origo
398 3100 432 3157 et
455 3094 621 3179 primaria
653 3094 861 3179 significatio
891 3094 1018 3180 duplici
1048 3095 1149 3159 modo
1179 3118 1236 3159 ex·

110 3199 267 3286 plicatur.
323 3200 428 3263 Ducit
460 3201 552 3264 enim
584 3223 625 3264 ex
648 3202 863 3285 Hartungi2)
896 3201 1034 3286 quidem
1065 3202 1236 3268 sententia

110 3305 281 3391 originem
314 3329 333 3370 a
364 3306 564 3371 sanseritica
594 3308 763 3392 particula
786 3312 842 3372 md
872 3308 1008 3389 (Dorice
1034 3308 1105 3394 μή),
1137 3316 1176 3373 ut
1207 3311 1236 3374 si

109 3412 159 3477 ita
190 3423 292 3495 esset,
325 3413 467 3477 eandem
497 3413 650 3499 negandi
674 3415 746 3479 vim
774 3415 916 3480 haberet
939 3438 1042 3501 quam
1068 3418 1113 3481 σύ.
1167 3416 1236 3481 sed

109 3543 162 3584 res
180 3519 280 3585 aliter
297 3543 331 3583 se
348 3519 474 3585 habere
491 3520 639 3603 videtur.
684 3523 841 3608 Namque
858 3523 998 3587 insitam
1015 3523 1236 3608 negationem

109 3626 139 3690 si
163 3625 230 3691 hoc
252 3627 457 3693 vocabulum
480 3628 685 3712 contineret,
719 3629 889 3714 quomodo
913 3629 987 3694 fieri
1016 3637 1165 3716 poterat,
1197 3637 1236 3696 nt

109 3756 186 3797 cum
222 3733 391 3819 particula
426 3735 475 3798 ναί
510 3735 730 3800 coniunctum
766 3737 1030 3801 affirmationem
1064 3737 1235 3804 efficeret?

109 3841 205 3905 Haec
236 3840 311 3926 ipsa
342 3840 537 3905 coniunctio
569 3845 617 3905 ναὶ
649 3842 692 3926 μά
723 3842 927 3907 documento
956 3851 1008 3908 est
1031 3846 1234 3910 vocabulum

112 3948 155 4032 μά
199 3948 391 4033 antiquitus
435 3971 544 4034 neque
586 3949 738 4035 negandi
777 3973 886 4036 neque
929 3952 1124 4017 affirmandi
1163 3954 1235 4018 vim

205 4114 224 4181 ¹)
254 4107 363 4177 Cicero,
383 4108 418 4162 de
438 4114 554 4163 oratore
574 4111 627 4169 ΠΙ.
648 4111 671 4164 7.

202 4202 225 4272 ²)
252 4199 399 4268 Hartung,
419 4198 604 4270 griechische
623 4198 777 4255 Pertikeln
796 4201 826 4254 II
845 4220 872 4274 p.
891 4202 926 4255 89
946 4207 976 4258 et
997 4204 1054 4256 108.
