2850 4560
535 116 821 181 ‚-45„

149 313 216 377 berb
240 318 302 378 etc.
328 312 402 378 sine
426 315 461 376 οὐ
491 312 659 398 particula
684 313 726 378 ab
751 312 984 400 Aristophane
1008 336 1079 377 non
1103 313 1274 399 dicuntur,

149 419 218 483 nisi
252 427 312 485 aut
346 441 513 506 personae
547 420 809 506 respondeatur,
857 443 943 505 quae
979 443 1056 484 cum
1091 419 1276 505 negatione

149 526 267 612 aliqua
290 528 582 613 interrogaverat,
612 536 686 592 aut
710 529 850 613 ipsam
873 527 1038 593 iurandi
1061 527 1275 594 formulam

149 635 378 719 particula
417 635 711 699 adversativa
751 634 942 720 exeipit,
990 635 1045 699 vel
1083 635 1275 700 enuntiatio

149 748 238 806 certe
263 741 379 827 aliqua
404 764 481 806 cum
504 742 721 826 negationefl
738 744 759 825 ¹)

240 848 354 912 Ceteri
389 869 505 912 omnes
537 848 573 912 id
604 871 713 933 genus
737 849 817 931 loci,
852 847 910 932 qui
935 848 1073 932 quidem
1097 848 1189 935 apud
1212 849 1275 914 hos

150 960 301 1019 oratores
325 955 562 1038 inveniantur,
588 955 739 1040 aliquam
762 955 962 1040 negativam
985 956 1190 1041 particulam
1213 955 1275 1021 ha·

149 1063 251 1145 bont,
277 1085 363 1148 quae
388 1063 560 1128 antecedit
583 1062 721 1127 iurandi
744 1062 927 1127 formulam
951 1069 1012 1127 aut
1035 1062 1191 1148 sequitur
1215 1070 1276 1127 aut

149 1169 198 1234 sio
229 1170 388 1253 iteratur,
420 1177 459 1234 ut
490 1170 639 1255 priorem
671 1170 871 1254 negativam
903 1170 1012 1234 altera
1035 1170 1274 1254 subsequatur.

149 1278 226 1341 Hoc
247 1284 361 1342 autem
378 1276 464 1340 mihi
479 1276 599 1341 videor
616 1276 900 1341 animadvertisse
921 1277 1122 1361 negativam
1139 1276 1274 1362 saepius

149 1383 312 1469 postponi
333 1392 434 1469 atque
456 1384 596 1448 omnino
618 1383 661 1448 ad
682 1384 757 1469 ipsa
780 1384 972 1448 iuramenta
994 1383 1078 1448 adeo
1102 1383 1274 1467 inclinari,

148 1498 314 1576 utquam
339 1492 510 1556 artissime
535 1492 685 1556 cumeis
710 1492 901 1578 copuletur,
930 1491 998 1556 nisi
1021 1490 1110 1555 forte
1135 1489 1275 1576 aliquod

148 1597 355 1663 vocabulum
378 1599 551 1683 gravioris
571 1599 736 1663 momenti
757 1606 816 1663 aut
839 1598 954 1664 brevis
975 1597 1148 1662 sententia
1169 1597 1275 1662 inter-

149 1703 248 1770 cedit.
303 1705 379 1769 Hoc
410 1705 474 1769 etsi
506 1728 605 1791 saepe
637 1705 689 1789 fit,
723 1712 839 1770 tamen
868 1712 908 1769 ut
934 1727 978 1769 ne
1006 1705 1169 1770 molestus
1199 1705 1273 1790 sim,

148 1812 266 1898 paucis
291 1812 407 1897 eisque
430 1813 609 1876 loculentis
633 1812 796 1898 exemplis
825 1812 998 1877 illustrare
1022 1813 1107 1878 satis
1130 1813 1273 1879 habebo.

147 1918 396 1984 Demosthenes
418 1917 554 2002 quidem
580 1918 632 2001 54,
658 1920 714 1984 36:
749 1921 812 1983 οὐδ’
839 1921 877 1984 ἂν
901 1920 993 1984 εἰπεῖν
1019 1924 1062 2005 μοὶ
1085 1924 1156 1996 τοὺς
1180 1922 1276 1998 θεοὺς

151 2027 310 2112 δυναίμην.
339 2033 342 2040 ’
368 2025 556 2090 Aeschines
590 2028 623 2109 1,
656 2027 713 2091 76:
750 2029 870 2112 οὐγὰρ
896 2029 962 2111 ἔχω
992 2031 1035 2112 μοὶ
1058 2030 1110 2090 τὸν
1139 2026 1195 2091 Δία
1222 2029 1275 2090 τὸν

152 2131 333 2219 Ὀλύμπιον,
365 2133 431 2197 τίνα
453 2134 569 2216 τρόπον
593 2135 806 2219 εὐφημότερον
830 2135 974 2219 μνησθῶ.
1027 2133 1275 2199 Demosthenes

150 2241 201 2324 21,
219 2241 299 2306 205:
326 2244 386 2326 οὐχ
402 2244 483 2305 οὕτω
499 2241 597 2325 τούτῳ
614 2243 810 2326 χαρίσασθαι
828 2246 871 2327 μοὶ
886 2245 958 2319 τοὺς
974 2244 1069 2318 θεοὺς
1086 2242 1275 2328 βουλόμενοι.

239 2349 327 2412 Cum
351 2354 465 2412 autem
495 2347 702 2432 iuramenta,
735 2348 838 2413 sicuti
869 2348 970 2413 modo
1002 2348 1275 2414 demonstratum

148 2463 209 2540 est,
235 2457 349 2522 asnis
373 2456 547 2541 negativis
570 2455 790 2542 dirimuntur,
816 2458 923 2522 altera
938 2457 1090 2542 negati0,
1114 2456 1185 2521 nisi
1200 2457 1274 2542 ipso

148 2585 251 2628 sensu
267 2563 430 2649 exigitur,
455 2562 498 2628 ab
519 2560 579 2627 his
596 2563 735 2649 quidem
757 2563 950 2629 oratoribus
972 2586 1150 2649 nunquam
1171 2563 1274 2628 collo-

149 2678 257 2737 catur.
304 2672 434 2736 Verum
465 2671 604 2756 accidit,
637 2671 701 2736 etsi
732 2693 886 2758 perram,
919 2673 978 2737 sed
1000 2678 1116 2737 tamen
1140 2671 1274 2756 accidit,

147 2784 187 2843 ut
216 2778 352 2843 librarii
382 2777 469 2842 falso
501 2778 696 2864 opinantes,
732 2800 910 2865 nunquam
940 2800 1011 2843 non
1041 2779 1171 2844 dietum
1202 2801 1275 2844 esse

147 2886 190 2948 οὐ
216 2889 260 2971 μὰ
283 2885 339 2948 Δία
364 2887 425 2972 (οὐ
452 2889 496 2970 μὰ
518 2889 590 2962 τοὺς
614 2886 716 2970 θεούς,
741 2886 808 2950 alia
833 2885 869 2950 id
892 2886 1025 2974 genus),
1051 2880 1194 2951 alteram
1216 2909 1274 2950 ne-

148 2992 305 3078 gativam
329 2992 581 3059 intercalarent.
638 2994 739 3071 Quod
770 3001 821 3058 est
852 2994 944 3080 apud
975 2995 1073 3061 Dem.
1105 2996 1160 3079 18,
1192 2995 1274 3061 208:

149 3099 217 3163 ἀλλ’
242 3101 301 3163 οὐκ
324 3101 412 3183 ἔστιν,
437 3101 496 3163 οὐκ
519 3092 611 3185 ἔστιν,
636 3103 720 3177 ὅπως
744 3100 900 3186 ἡμάρτετε
1004 3104 1047 3187 μὰ
1069 3105 1142 3178 τοὺς
1164 3102 1275 3185 Μαρα-

149 3208 229 3270 θῶνι
249 3206 578 3291 προκινδυνεύσαντας,
601 3206 662 3272 ubi
684 3229 773 3272 unus
797 3206 870 3272 eod.
895 3207 920 3272 Σ
944 3205 1034 3272 hano
1057 3215 1186 3273 rectam
1209 3209 1274 3276 leo·

148 3313 278 3378 tionem
294 3312 522 3397 conservavit,
548 3335 626 3378 cum
650 3314 754 3379 ceteri
778 3335 894 3378 omnes
918 3313 1059 3380 tradant
1084 3365 1143 3382 ...
1170 3317 1205 3380 οὐ
1231 3321 1275 3402 μα

148 3424 219 3497 τοὺς
241 3421 491 3505 Μαραθῶνι...
514 3419 563 3484 At
587 3420 663 3505 quis
688 3428 748 3504 est,
776 3421 834 3505 qui
858 3444 929 3486 non
952 3421 1088 3504 sentiat,
1113 3421 1177 3488 hoc
1200 3422 1274 3488 loeo

147 3526 220 3591 fore
252 3535 291 3591 ut
322 3527 462 3612 negatio
494 3527 650 3612 superior
681 3527 875 3592 iterationis
907 3527 1021 3613 figura
1045 3528 1274 3615 pulcherrime

149 3633 357 3720 amplificata
388 3633 573 3698 admodum
597 3633 836 3699 debilitaretur
859 3635 1026 3700 vocabulo
1051 3637 1085 3699 οὐ
1111 3636 1199 3700 male
1222 3659 1274 3700 re-

149 3743 280 3829 petito?
319 3743 439 3828 Neque
463 3743 576 3807 minus
601 3764 779 3828 perperam
804 3742 888 3809 haee
910 3745 1081 3830 particula
1105 3746 1141 3808 οὐ
1157 3744 1275 3830 paucis

149 3849 376 3914 deterioribus
411 3850 509 3915 libris
545 3849 656 3914 denuo
696 3850 928 3936 interponitur
967 3851 1021 3915 his
1061 3851 1144 3916 loeis
1183 3852 1275 3938 apud

242 4101 261 4169 ¹)
286 4098 368 4152 Idem
387 4100 492 4154 statuit
509 4101 653 4156 Kuehner
672 4099 708 4154 de
726 4100 932 4173 Xenophontis
951 4119 1085 4157 sermone
1104 4102 1274 4176 (memorab.

152 4188 228 4258 1862,
247 4187 270 4258 I,
289 4188 314 4257 4,
334 4187 361 4257 9)
381 4193 411 4242 et
430 4187 465 4243 de
483 4189 618 4244 Platonis
638 4188 802 4244 Stallbaum
821 4190 923 4263 (Gorg.
941 4191 995 4246 489
1015 4192 1059 4265 E).
