2850 4560
611 161 831 230 ..51-

157 364 264 449 ὃεῖται,
295 385 362 449 quo
395 365 470 428 loco
501 385 621 428 revera
648 362 784 427 librarii
808 361 948 450 quidam
972 359 1142 446 particula
1167 361 1202 423 οὐ
1226 355 1283 423 (le-

157 471 248 558 cepti
271 471 483 557 seripserunt
507 475 549 556 μὰ
572 473 629 555 τὴν
653 469 813 554 Δήμητρα.
827 476 849 553 1)

248 578 425 643 Accedunt
447 579 639 663 complures
664 576 724 641 alii
747 576 828 659 loci,
860 576 898 640 in
922 575 1045 660 quibus
1073 572 1222 638 formula
1244 575 1305 655 rh

157 686 214 750 Δία
231 707 307 750 oum
323 684 509 770 negatione
526 683 708 749 coniuncta
725 682 866 747 minime
884 681 1035 764 offendit,
1060 681 1168 745 veluti
1192 680 1284 766 apud

155 794 254 858 Dem.
279 792 337 876 45,
371 793 427 857 ll:
470 804 524 857 τοῦ
549 815 591 868 τις
616 793 653 855 ἂν
681 794 809 876 ἔφευγεν
840 791 970 874 ἀνοίγειν
999 792 1034 854 τὸ
1062 799 1283 875 restructam

155 897 1284 984 hfffflfflmssfflfflmwmmmmmcfflc

155 1005 249 1072 enim
280 1006 355 1071 loco
385 1005 534 1070 formula
565 1007 603 1089 νὴ
635 1006 692 1069 Δία
723 1003 900 1069 referenda
932 1011 983 1068 est
1014 1025 1084 1067 non
1112 1003 1156 1067 ad
1185 1025 1281 1067 suam

154 1115 232 1201 ipsa
255 1114 475 1197 sententiam,
507 1135 627 1177 verum
660 1100 703 1176 ad
735 1135 774 1176 ea
797 1113 918 1195 verba,
951 1134 1038 1196 quae
1067 1110 1281 1194 antecedunt,

153 1228 195 1286 ut
211 1242 330 1285 sensus
347 1221 405 1284 sit:
429 1224 542 1305 ἔφευγε
565 1221 603 1303 νὴ
627 1217 684 1283 Δία
709 1218 839 1304 ἀνοίγειν
862 1222 898 1283 τὸ
922 1228 1140 1304 γραμματεῖον,
1163 1221 1212 1282 ἵνα
1227 1269 1234 1283 .
1252 1269 1282 1285 ..

153 1327 230 1392 Iam
251 1349 333 1392 vero
357 1327 395 1391 in
418 1326 529 1413 specie
553 1324 666 1411 posita
688 1332 739 1389 est
762 1325 902 1410 negatio
927 1325 964 1389 in
988 1325 1179 1390 elocutione
1203 1346 1282 1389 con·
1339 1349 1341 1354 ·

154 1432 320 1498 dicionali
347 1433 439 1519 apud
468 1433 565 1496 Dem.
595 1433 630 1515 8,
665 1433 697 1496 7:
733 1433 817 1515 πλὴν
847 1433 872 1495 εἰ
901 1433 944 1517 μὴ
973 1442 1063 1496 τοῦτο
1088 1430 1213 1516 λέγουσι
1242 1433 1280 1515 νὴ

154 1540 225 1624 Δία,
258 1539 300 1617 ὡς
402 1547 436 1604 et
464 1540 555 1626 apud
586 1542 738 1626 Lycurg.
772 1547 791 1623 ξ
825 1539 890 1606 140
926 1542 1017 1626 εἰμὴ
1042 1541 1079 1624 νὴ
1104 1538 1281 1604 Δίαταύτὰ

153 1655 194 1732 τῇ
217 1646 340 1728 πατρίδι
363 1648 416 1710 καὶ
438 1647 556 1724 τούτοις
581 1649 644 1712 ἐστὶ
667 1647 871 1732 συμφέροντα.

236 1752 384 1818 Restant
416 1760 530 1818 autem
561 1754 628 1818 duo
661 1755 722 1818 alii
752 1755 819 1819 loci
851 1754 1027 1840 aliquanto
1059 1754 1279 1838 difficiliores,

154 1860 214 1925 ubi
231 1861 269 1944 νὴ
287 1861 343 1925 Δία
359 1862 396 1924 in
413 1861 603 1926 elocutione
619 1862 783 1947 negativa
804 1862 955 1949 positum
976 1869 1037 1928 est.
1084 1862 1280 1948 Hyperides

156 1967 1281 2053 emmmmfflmfflXfflffMmmmg

158 2074 281 2158 τοιούτῳ
309 2074 467 2159 πράγματι
496 2076 531 2138 οὐ
559 2075 727 2159 κέχρησαι.
782 2075 850 2140 Sed
874 2076 957 2140 haee
980 2098 1116 2160 quoque
1138 2077 1280 2160 negatio

157 2177 1279 2267 fflfflwfflfflmfflmmmmfflmwmmm

154 2309 175 2350 a
191 2286 327 2351 Blassio
351 2285 591 2371 distinguendi
611 2287 711 2372 signo
736 2289 821 2353 bene
841 2296 972 2354 mutato
993 2289 1188 2354 restitutam
1207 2312 1279 2356 esse

152 2393 473 2480 interrogationem,
499 2417 586 2479 quae
607 2417 683 2460 eum
702 2396 744 2461 ad
761 2397 952 2484 superiores
969 2397 1156 2461 sententias
1173 2396 1279 2462 inter-

102 2507 106 2517 '
151 2503 331 2588 rogativas
356 2508 429 2566 tum
453 2503 497 2568 ad
521 2526 569 2588 ea,
594 2526 681 2589 quae
702 2513 902 2590 sequuntur,
928 2505 1106 2591 aptissima
1131 2527 1202 2570 esse
1227 2505 1279 2570 vi-

101 2694 106 2703 .
152 2610 264 2678 detur.
322 2611 637 2696 Interrogationem
671 2634 792 2676 verum
823 2613 854 2676 si
884 2612 1059 2697 statuaria
1097 2618 1171 2677 tota
1202 2635 1278 2677 ver-

151 2719 276 2784 borum
300 2717 556 2803 comprehensio
581 2718 672 2783 hunc
693 2719 940 2783 affirmativum
964 2741 1100 2784 sensum
1123 2718 1277 2787 habebit:

154 2825 299 2911 „Nonne
325 2831 363 2888 tu
386 2825 458 2910 ipse
485 2825 547 2888 tali
569 2847 672 2910 opera
695 2848 777 2889 usus
799 2826 874 2890 es‘?“
905 2826 1030 2891 idest:
1063 2827 1170 2912 „Tute
1194 2827 1276 2914 ipse,

151 2954 213 3018 per
234 2932 362 3016 Iovem,
387 2932 450 2996 tali
467 2954 569 3018 opera
585 2955 668 2997 usus
685 2935 751 2998 esst
802 2934 913 3011 Quam
942 2935 985 2999 ob
1009 2957 1080 2998 rem
1104 2936 1192 3000 nihil
1216 2946 1276 3020 est,

151 3037 1317 3127 mmmmmmmmefflQmmfflm'

150 3144 375 3210 dissentiente
399 3145 507 3210 Cobet
529 3144 625 3229 fecit,
658 3153 838 3232 propterea
867 3148 959 3232 quod
986 3148 1121 3235 saepius
1145 3151 1276 3217 scribae

150 3253 190 3336 νὴ
227 3252 283 3316 Δία
318 3260 351 3317 et
387 3256 430 3338 μὰ
464 3252 520 3316 Δία
556 3253 650 3318 aliud
681 3260 822 3339 agentes
854 3255 944 3320 inter
975 3280 1010 3321 se
1041 3257 1276 3325 confudissent

150 3367 243 3443 (nov.
268 3360 344 3426 lect.
369 3383 401 3446 p.
427 3360 515 3444 651).
561 3360 610 3425 At
633 3361 696 3426 hoc
719 3361 861 3426 minime
884 3363 976 3428 cadit
999 3365 1036 3428 in
1060 3365 1174 3430 decem
1198 3389 1274 3433 ora-

150 3473 266 3531 torum
297 3467 439 3532 codices.
494 3468 584 3532 Nam
609 3469 767 3552 quamvis
792 3469 913 3554 multa,
945 3470 1136 3537 mehercule
1166 3475 1275 3540 multa

149 3580 285 3639 exstent
305 3572 450 3639 iuranda
472 3579 515 3660 μὰ
535 3575 591 3638 Δία
612 3581 645 3639 et
665 3577 702 3659 νὴ
723 3576 788 3661 Δία,
812 3583 928 3642 tamen
947 3600 1116 3662 nusquam
1136 3602 1175 3644 ea
1195 3603 1274 3647 con·

147 3681 348 3747 funduntur

238 3790 311 3854 Nee
331 3791 442 3875 magis
464 3815 483 3856 a
501 3791 656 3856 codicum
677 3791 847 3876 scriptura
867 3793 1095 3858 recedendum
1113 3818 1185 3860 esse
1203 3797 1273 3861 exi-

149 3896 252 3960 stimo
280 3896 317 3960 in
341 3897 449 3961 altero
478 3899 647 3964 eiusmodi
670 3901 863 3978 iuramento
892 3901 983 3988 apud
1007 3903 1273 3970 Demosthenem

149 4002 206 4086 54,
232 4003 287 4068 34:
324 4004 408 4067 ἀλλὰ
432 4006 469 4087 νὴ
494 4004 536 4070 Δί’
561 4009 618 4070 οὐκ
642 4007 699 4070 εἰσὶ
722 4018 861 4073 τοιοῦτοι.
910 4008 974 4073 Est
998 4008 1088 4072 enim
1111 4009 1272 4078 hocloco

148 4151 309 4158 ———

241 4232 261 4307 ¹)
289 4234 557 4308 thHrtum
578 4237 667 4292 ceteri
688 4243 732 4306 μά.
