2850 4560
606 87 727 157 ...⁸9
787 129 845 144 ..r

150 323 154 334 ι
244 294 274 378 3,
300 291 363 356 137
395 293 493 368 οὐδεὶς
517 301 733 366 τοιοῦτος
763 291 862 376 μάγος
890 289 944 354 καί
966 290 1045 376 γύης
1068 290 1205 377 ἐγένετο,
1237 293 1279 377 ύς,

316 400 341 462 ιθ
376 407 422 484 γῆ
455 401 517 462 καὶ
552 399 635 461 θεοῖ
669 399 731 460 καῖ
765 397 939 482 δαίμονες
974 401 1035 461 καὶ
1071 399 1279 483 ἄνθρωποι,

316 507 382 568 ύσοι
407 505 562 591 βούλεσθε
587 503 712 568 ἀκούειν
735 504 874 589 τάληθῆ,
897 504 999 589 τολμᾷ
1021 505 1122 590 λέγειν
1257 579 1259 584 ‚

247 614 277 695 3,
303 613 369 675 260
409 612 495 697 Ἐγὼ
521 615 575 698 μέν
600 615 666 695 οὖν,
703 613 805 696 ὡγῆ
834 613 901 674 καὶ
928 612 1020 694 ἥλιε
1056 615 1123 675 καὶ
1154 613 1280 697 ἀρετὴ

316 721 384 782 καὶ
415 719 577 794 σύνεσις
609 721 684 781 καῖ-
706 717 889 800 παιδεία,
921 719 942 802 η’]
975 717 1211 805 διαγνὼσκομεν
1241 722 1281 783 τα

316 827 402 890 καλοῖ
425 829 478 890 καὶ
501 826 688 911 τάαἰσχρά,
713 824 902 911 βεβοήθηκα
926 828 979 889 καὶ
1002 827 1124 912 εἴρηκα.

613 935 825 996 Demosthenes

95 1088 97 1091 ψ
154 1038 258 1122 habet
288 1039 472 1104 nonnullas
504 1037 768 1122 exsecra-tiones,
800 1045 976 1123 praeterea
1004 1037 1109 1103 verba
1141 1041 1281 1124 εὔχομαι,

156 1146 259 1228 καλῶ,
283 1148 407 1231 ὄμνυμι,
432 1145 559 1209 similia
583 1150 617 1208 et
640 1141 805 1208 formulas
830 1145 886 1230 μά,
910 1143 962 1228 νή,
984 1145 1074 1228 πρύς,
1099 1145 1124 1207 Co
1150 1185 1190 1190 —
1215 1146 1281 1209 cir·

159 1253 242 1318 citer
263 1253 426 1317 trecentis
450 1252 550 1334 locis;

202 1361 448 1425 exsecrationes
466 1367 595 1446 septem
611 1359 708 1424 locis:
741 1361 794 1444 10,
822 1360 861 1423 11
891 1359 1064 1445 προςθησω
1089 1362 1122 1424 δὲ
1146 1364 1279 1436 καὶτοῖς

316 1470 349 1533 έν
373 1479 411 1556 τῇ
435 1469 523 1534 πόλει
547 1470 664 1551 θεοῖς,
688 1472 792 1553 οἵπερ
818 1471 929 1532 αύτον
953 1468 1179 1553 ἐξολέσειαν,

248 1576 298 1659 18,
325 1576 389 1639 267
413 1578 467 1639 καῖ
489 1578 590 1639 κακον
612 1585 722 1651 κακῶς
744 1576 877 1661 μάλιστα
898 1577 953 1660 μέν
979 1577 1010 1640 οἱ
1035 1576 1130 1658 θεοί,
1154 1578 1281 1639 ἔπειτα

318 1685 417 1745 σύτσι
440 1683 577 1756 πάντες
602 1681 835 1746 ἀπολέσειαν.

247 1790 298 1875 18,
323 1790 390 1854 290
412 1789 439 1852 τί
456 1791 518 1872 σύν,
543 1790 567 1852 ὡ
585 1789 744 1872 κατάρατ’,
765 1790 833 1874 ἐμοὶ
853 1791 923 1871 περὶ
942 1789 1059 1852 τούτων
1077 1789 1211 1871 λοιδορεῖ
1227 1791 1280 1851 καῖ

316 1896 428 1982 λέγεις,
461 1897 481 1958 o
509 1897 571 1958 σοῖ
598 1897 666 1960 καὶ
689 1905 773 1971 τοῖς
798 1905 884 1970 σοῖς
909 1897 945 1959 οῖ
968 1896 1060 1959 θεοὶ
1082 1894 1280 1978 τρέψειαν

317 2003 358 2077 εἰς
382 2000 539 2084 κεφαλήν,
949 2006 950 2009 ’

245 2108 342 2195 epist.
361 2110 390 2192 6,
418 2110 435 2172 1
472 2110 595 2184 οἰπάσας
619 2112 674 2184 τοῖς
695 2108 726 2172 ἐν
750 2107 982 2194 Πελοποννήσῳ
1006 2110 1111 2185 πόλεις
1134 2110 1280 2174 τοιούτων

315 2216 418 2301 λύγων
436 2215 585 2299 ἔπλησαν,
606 2218 691 2279 οἵων
713 2216 763 2291 εἰς
784 2216 951 2300 κεφαλὴν
969 2217 1088 2279 αὐτῶν
1104 2215 1280 2299 τρέψειαν

316 2323 352 2386 οἱ
376 2321 477 2386 θεοί.

146 2509 151 2517 ¹
245 2430 298 2514 54,
325 2431 366 2494 16
403 2432 577 2516 εὔχομαι
605 2440 690 2506 τοῖς
719 2432 834 2505 θεοῖς
859 2431 915 2506 εἰς
939 2429 1110 2494 Κόνωνα
1134 2433 1281 2507 καὶτοὺς

316 2539 388 2613 υἱεῖς
411 2539 483 2612 τοὺς
505 2537 616 2600 τούτου
645 2539 706 2600 καὶ
729 2547 844 2601 ταῦτα
873 2538 934 2600 καὶ
957 2547 1111 2600 τοιαῦτα
1135 2540 1281 2601 ἅπαντα

315 2643 554 2727 τρέπεσθαι.

245 2750 296 2832 25,
321 2751 364 2814 82
398 2751 694 2834 ὁτριςκατάρατος,
726 2751 870 2826 ύκοινὸς
894 2750 1025 2835 ἐχθρός,
1057 2751 1073 2813 ὁ
1105 2761 1180 2814 ποῖτι
1210 2751 1280 2814 δυσ-

317 2856 425 2943 μενής,
450 2860 524 2942 ὅτῳ
550 2857 650 2944 μήτε
673 2868 722 2943 γη
747 2859 866 2942 φέροι
889 2860 1048 2942 καρπὸν
1073 2857 1165 2944 μήτ’
1191 2861 1280 2923 ἀπο-

316 2967 499 3031 θανόντα
523 2966 694 3045 δέξαιτο.

199 3070 581 3138 Hucfortassereferas
608 3074 658 3156 19,
685 3073 749 3137 172
773 3072 929 3156 ἐξώλης
954 3071 1189 3158 ἀπολοίμην
1213 3076 1281 3137 καὶ

316 3180 518 3265 προώλης
1038 3259 1041 3264 Α

155 3288 382 3374 Inspiciamus
406 3310 513 3372 nunc,
538 3287 568 3351 si
584 3289 708 3374 placet,
737 3287 829 3374 ipsas
853 3310 969 3373 preces
981 3289 1004 3370 ¹)
1029 3293 1064 3351 et
1087 3286 1245 3352 iuranda!

200 3400 341 3483 εὔχομαι,
365 3397 464 3479 καλῶ,
488 3394 615 3459 similia
641 3402 777 3460 exstant
801 3394 916 3459 decem
940 3394 1038 3459 loeis:
1068 3394 1120 3478 20,
1146 3396 1188 3457 25
1217 3397 1279 3481 ἐγὼ

318 3508 458 3592 μὲνγὰρ
484 3507 641 3590 εὔχομαι
664 3514 740 3580 τοῖς
764 3504 868 3580 θεοῖς
893 3503 1025 3589 μάλιστα
1051 3506 1105 3589 μέν
1130 3501 1203 3588 ημῖν
1228 3507 1281 3567 καῖ

316 3610 468 3697 χρήματα
498 3610 603 3674 πολλοὶ
633 3610 795 3696 γενέσθαι,
831 3611 856 3674 εἰ
887 3611 921 3675 δὲ
953 3609 1009 3695 μή,
1040 3609 1075 3673 τύ
1103 3631 1140 3694 γε
1164 3619 1280 3685 πιστοῖς

317 3721 394 3783 εἶναι
418 3719 471 3782 καὶ
495 3717 627 3804 βεβαίοις
651 3718 754 3782 δοκεῖν
779 3717 940 3803 διαμένειν.

213 3988 231 4052 Ι)
250 3985 348 4039 Hasce
362 3985 586 4055 exsecrationes,
599 4001 709 4057 preces,
721 3983 888 4039 iuramenta
900 3983 1001 4056 paucis
1012 3983 1142 4055 exceptis
1152 3989 1280 4055 practer·

155 4072 299 4127 miserunt
323 4072 479 4127 Rchdantz
503 4078 534 4128 et
557 4073 751 4144 Frohberger.
795 4073 868 4142 Sigg
892 4076 991 4127 autem
1015 4088 1051 4125 ex
1070 4071 1278 4126 Demosthenis

157 4162 338 4217 orationibus
358 4162 475 4216 omnino
494 4162 595 4234 tetigit
613 4180 731 4234 paucae.

1122 4248 1156 4300 rja
