2850 4560
602 64 821 144 256...

150 266 279 340 indicet
321 269 580 360 subiectionem,
630 277 741 342 utitur
776 277 813 342 in
848 299 895 343 or.
929 281 963 361 3,
1000 276 1080 344 228:
1141 277 1197 344 καὶ
1237 272 1278 364 νὴ

149 387 222 460 τοὺς
245 385 340 461 θεοὺς
362 388 434 460 τοὺς
458 383 658 471 Ὀλυμπίους,
692 389 734 450 ὢν
766 388 828 472 ἐγὼ
857 388 1057 474 πυνθάνομαι
1081 388 1279 474 Δημοσθένη

150 492 326 570 λέξειν

239 599 335 662 Haec
365 598 407 663 de
438 599 604 664 vocabulo
636 600 684 685 νή.
738 601 875 684 Restat,
911 610 950 665 ut
981 624 1090 689 pauca
1122 602 1277 688 afferam,

150 727 237 790 quae
261 704 305 769 ad
330 726 544 769 communem
573 707 819 791 particularum
850 709 893 793 μά
916 715 950 771 et
973 709 1010 793 νή
1040 709 1176 774 dicendi
1200 709 1277 774 vim

150 812 322 899 pertinere
345 811 517 879 videntur.

239 918 290 983 Ao
313 940 560 1003 nonnunquam
584 927 736 985 oratores
759 922 922 986 brevibus
955 922 1112 988 formulis
1144 928 1187 1009 μὰ
1210 924 1278 1009 Δία,

151 1028 189 1110 νὴ
213 1026 269 1090 Δία
293 1025 431 1089 insertis
455 1025 544 1090 nihil
568 1026 663 1091 aliud
686 1028 817 1092 efficere
841 1028 978 1111 volunt,
1002 1029 1070 1093 nisi
1094 1036 1133 1094 ut
1156 1029 1276 1114 aliquo

151 1133 317 1199 vocabulo
343 1134 548 1219 completivo
572 1144 632 1199 aut
654 1158 814 1200 numeros
839 1135 985 1200 reddant
1009 1138 1189 1201 solutiores
1215 1146 1277 1202 aut

151 1264 306 1329 asperam
346 1241 517 1306 vocalium
556 1243 812 1307 concursionem
852 1244 992 1309 evitent.
1056 1244 1156 1321 Quod
1196 1245 1276 1309 illu-

151 1357 278 1415 stretur
301 1349 418 1437 paucis
442 1351 620 1436 exempliS,
653 1351 690 1415 in
714 1373 780 1435 quo
805 1375 928 1437 genere
953 1358 1034 1416 sunt
1058 1351 1150 1439 apud
1173 1353 1274 1420 Dem.

150 1460 180 1541 9,
207 1460 249 1524 70
272 1460 335 1544 ἐγὼ
359 1459 397 1541 νὴ
423 1456 465 1521 Δί’
490 1460 553 1541 ἐρῶ
581 1461 634 1522 καὶ
661 1459 774 1544 γράψω
804 1460 837 1524 δέ
869 1499 910 1506 -
943 1460 999 1542 35,
1032 1459 1077 1524 40
1105 1462 1141 1523 οὐ
1171 1460 1276 1546 μέντοι

152 1569 195 1651 μὰ
219 1564 275 1629 Δία
303 1564 404 1650 οἴομαί
426 1586 462 1649 γε
486 1565 546 1628 δεῖν
574 1603 615 1611 -
645 1566 697 1649 37,
724 1566 766 1628 53
794 1567 830 1629 οὐ
859 1565 961 1651 μέντοι
984 1566 1012 1652 γ’
1037 1567 1202 1650 ἀποστερῶ
1232 1571 1277 1654 μοὶ

150 1671 207 1734 Δία
230 1671 301 1734 οὐδὲ
325 1680 519 1752 συκοφαντῶ.

238 1778 495 1862 Nonnunquam
519 1785 633 1842 autem
660 1785 795 1864 praeter
823 1779 911 1843 hanc
935 1777 1176 1864 completivam
1200 1780 1275 1845 vim

150 1884 203 1949 his
234 1883 390 1949 formulis
421 1890 455 1948 et
482 1884 698 1949 brevioribus
724 1891 757 1949 et
784 1885 1002 1970 longioribus
1027 1885 1112 1949 illud
1136 1907 1274 1971 quoque

150 1992 324 2075 tribuitur,
349 2000 388 2057 ut
407 2015 478 2057 rem
500 1993 672 2077 gravioris
689 1993 854 2057 momenti
875 2015 977 2078 quam
998 1994 1145 2058 maxime
1162 1995 1275 2079 signi-

149 2099 252 2164 ficent
276 2107 378 2184 atque
402 2098 594 2162 intendant.
638 2099 714 2176 Quo
743 2099 826 2182 1000,
851 2106 890 2163 ut
914 2099 980 2163 alia
1003 2107 1275 2186 praetereantur,

149 2207 186 2272 in
217 2206 416 2272 memoriam
447 2206 680 2270 revocaverim
708 2205 804 2270 illam
836 2205 1030 2270 iterationis
1058 2206 1207 2291 figuram
1238 2212 1275 2274 οὐ

150 2318 194 2400 μὰ
217 2313 259 2378 Δί’
284 2315 334 2396 οὐ,
359 2312 454 2377 cuius
471 2312 607 2376 auxilio
632 2334 684 2395 ea,
710 2334 795 2397 quae
819 2313 991 2377 contraria
1015 2320 1109 2391 sunt,
1139 2335 1276 2381 summa

149 2422 186 2485 vi
211 2428 446 2508 opponuntur,
481 2419 587 2484 veluti
616 2419 707 2505 apud
731 2421 828 2485 Dem.
854 2420 906 2504 22,
933 2422 975 2484 33
1003 2421 1071 2484 τότε
1095 2425 1156 2506 γὰρ
1180 2434 1274 2488 τοῦτο

148 2528 326 2614 ποιήσομεν,
350 2530 385 2591 οὐ
411 2531 455 2613 μὰ
479 2527 520 2591 Δί’
546 2530 616 2612 οὐχὶ
639 2539 691 2592 νῦν
715 2532 760 2610 (ν.
785 2535 911 2614 supra).

238 2634 430 2721 Aptissima
453 2640 567 2698 autem
591 2633 634 2698 ad
659 2634 747 2698 hanc
770 2657 841 2699 rem
867 2657 938 2703 esse
962 2634 1100 2700 videtur
1123 2634 1275 2703 formula

148 2743 184 2827 νὴ
209 2742 278 2826 Δία,
307 2763 393 2826 quae
417 2740 517 2805 modo
542 2741 713 2805 antecedit
736 2741 922 2806 notabilem
945 2763 1033 2825 rem,
1065 2741 1166 2805 modo
1192 2745 1274 2810 sub-

148 2850 312 2935 sequitur.
367 2848 458 2912 Illud
489 2847 626 2933 quidem
659 2848 946 2913 animadvertitur
977 2848 1042 2914 hoc
1073 2850 1146 2914 loco
1179 2852 1274 2936 apud

148 2958 245 3022 Dein.
270 2958 322 3039 21,
348 2958 368 3020 3
391 2956 513 3034 πολλὰς
533 2959 567 3021 δὲ
588 2955 708 3040 δεήσεις
729 2960 781 3020 καὶ
801 2958 931 3041 χάριτας
951 2960 1005 3021 καὶ
1025 2959 1062 3041 νὴ
1080 2956 1122 3021 Δί’
1140 2959 1274 3037 ἀπειλὰς

147 3064 321 3150 ὑπομείνας.
366 3063 503 3126 Pariter
533 3062 721 3127 Aeschines
755 3065 787 3146 1,
820 3064 876 3126 98:
918 3066 963 3128 ὅτι
992 3065 1026 3128 δὲ
1049 3065 1132 3128 ταῦτ’
1158 3065 1273 3151 ἀληθῆ

148 3173 241 3259 λέγω,
273 3174 413 3237 ἐνταῦθα
444 3170 545 3255 μέντοι
573 3173 611 3254 νὴ
636 3171 691 3235 Δία
716 3182 824 3255 σαφῶς
847 3172 959 3243 πάνυ.
977 3221 1007 3237 ..
1040 3183 1274 3256 μαρτυροῦντας

147 3281 214 3365 ὑμῖν
238 3283 309 3355 τοὺς
334 3279 489 3364 μάρτυρας
512 3278 695 3362 παρέξομαι.
750 3279 825 3342 Ηου
856 3278 930 3343 loeo
959 3279 996 3360 νὴ
1021 3278 1078 3342 Δία
1102 3278 1146 3343 ad
1169 3300 1272 3346 voca·

147 3386 263 3451 bulum
297 3394 405 3468 σαρῶς
435 3383 597 3469 pertinet,
630 3406 699 3448 non
730 3383 774 3449 ad
799 3396 1027 3470 μαρτυροῦντας
1055 3390 1127 3471 (per
1151 3386 1272 3453 Iovem

146 3498 335 3575 testantes),
361 3491 462 3577 quod,
486 3492 554 3556 nisi
577 3492 688 3575 l'allor,
713 3493 877 3578 praetulit
900 3493 1038 3559 Reiske.

235 3601 311 3665 Hac
339 3600 375 3664 in
406 3622 443 3664 re
471 3622 716 3684 nonnunquam
744 3605 797 3664 nal
820 3602 857 3684 νὴ
882 3601 939 3665 Δία
966 3599 1098 3665 inducit
1129 3600 1272 3685 aliquod

146 3708 336 3774 membrum
368 3706 534 3771 orationis
566 3708 670 3771 breve
701 3716 735 3771 et
766 3707 925 3789 liberum,
958 3707 1051 3792 quod
1075 3707 1165 3771 idem
1189 3730 1270 3773 con·

146 3814 297 3880 cluditur
321 3814 547 3900 particulavi,
570 3814 667 3878 cuius
690 3814 741 3878 rei
765 3813 920 3899 exempla
944 3813 980 3877 in
1003 3822 1165 3901 promptu
1188 3826 1271 3881 sunt

145 3920 237 4008 apud
268 3922 366 3985 Dem.
404 3922 457 4004 18,
490 3921 569 3983 2ἴν1ῑ
607 3923 660 3984 καὶ
684 3921 721 4003 νὴ
747 3919 789 3983 Δί’
814 3920 958 4005 εὔδαιμόν
981 3943 1017 4005 γε
1051 3960 1092 3968 -
1128 3924 1177 4004 19,
1202 3923 1270 3987 21ἴ)

144 4032 199 4093 καὶ
221 4029 258 4113 νὴ
283 4027 324 4091 tr
349 4028 475 4103 εἰκότως
498 4050 534 4112 γε
560 4066 600 4075 -
628 4028 683 4110 19,
713 4027 755 4090 52
791 4029 844 4090 καὶ
867 4027 904 4110 νὴ
929 4026 971 4091 n‘
995 4028 1058 4112 ἤδη
1082 4051 1127 4113 γε.
1185 4029 1270 4095 Sine

144 4135 313 4223 particula
337 4136 385 4220 γὲε
410 4136 462 4218 21,
491 4138 553 4199 lus
577 4139 629 4199 καὶ
652 4137 689 4219 νὴ
715 4135 756 4199 Δί’
781 4137 882 4212 αὐτοῖς
906 4136 1009 4220 πολλὴ
1036 4136 1206 4223 συγγνώμη
1224 4177 1266 4187 -
