2850 4560
558 123 780 204 ..75-

108 335 165 401 Or.
184 338 228 401 50
251 341 291 418 (e.
315 336 518 421 Polyelem):
555 336 622 400 dno
646 336 712 400 loci
737 337 802 422 (μά,
825 336 926 420 πρὸς).

216 447 260 528 μὰ
275 446 327 508 τὸν
343 444 400 508 Δία
416 447 539 508 καὶτὸν
556 442 701 523 Ἀπόλλω
724 444 765 506 13
786 481 827 490 -
850 445 928 526 πρὸς
946 444 1031 507 θεῶν
1048 412 1231 530 (δέομαι)12.

305 550 456 615 Gravius
477 551 707 614 iuramentum
732 553 777 634 μὰ
798 551 852 613 τὸν
868 549 925 613 Δία
948 552 1000 614 καὶ
1020 553 1072 615 τὸν
1089 551 1233 616 Ἀπόλλω

214 677 285 720 nen
320 656 369 720 ita
404 655 504 720 valde
539 655 702 720 convenit
736 655 789 717 illi
820 656 1009 720 sententiae
1041 657 1124 721 satis
1155 657 1232 739 vili;

215 762 330 846 mitto,
367 762 459 847 qnod
489 762 562 848 ipse
597 760 847 826 Demosthenes
879 784 1056 847 nunquam
1090 763 1127 827 in
1162 766 1232 827 suis

215 869 428 934 orationibus
467 869 609 933 verbnm
656 869 765 953 δέομαι
808 873 867 931 aut
908 868 1019 933 simile
1062 869 1146 955 qnid
1189 870 1233 934 ad

216 976 297 1041 haee
328 978 521 1042 iuramenta
553 976 659 1041 addit.
715 977 766 1041 De
789 977 854 1041 hae
878 977 995 1063 spuria
1021 980 1174 1043 oratione
1198 1000 1231 1045 v.

215 1084 315 1148 Blass
339 1084 403 1166 ΙΙΙ,
430 1086 446 1147 1
473 1106 504 1170 p.
522 1084 589 1148 470
612 1105 685 1168 sqn.

109 1191 166 1256 Or.
185 1192 225 1254 51
252 1190 306 1273 (de
329 1212 455 1256 corona
479 1190 729 1273 trierarchine):
757 1189 856 1254 nihil.

305 1298 404 1362 Blass
422 1298 500 1381 (III,
527 1300 543 1361 1
568 1319 600 1383 p.
618 1298 696 1380 217)
720 1297 808 1361 hane
825 1297 1013 1361 orationem
1031 1297 1232 1362 Demosthe-

214 1406 268 1467 nis
290 1426 361 1468 esse
383 1411 497 1468 censet
518 1403 742 1468 dissentiente
761 1403 954 1486 Benselem,
979 1402 1021 1469 A.
1040 1403 1231 1491 Stzhaeferm

217 1512 352 1596 Siggio.
1306 1503 1309 1508 ’

109 1616 166 1684 Or.
185 1619 227 1681 52
252 1624 292 1699 (e.
311 1617 534 1703 Callippum:
570 1623 640 1680 tres
663 1616 731 1680 loci
755 1616 821 1702 (μά,
843 1615 905 1701 νή).

181 1753 182 1756 “
213 1725 267 1789 bis
291 1725 346 1810 μάε
371 1728 415 1810 μὰ
438 1724 480 1787 Δί’
507 1724 550 1787 14
573 1734 607 1787 et
632 1727 676 1808 μὰ
699 1725 751 1786 τὸν
775 1722 832 1786 Δία
855 1726 984 1788 καὶτὸν
1009 1725 1153 1789 Ἀπόλλω
1177 1729 1231 1789 καὶ

321 1832 378 1914 τὴν
403 1830 557 1916 Δήμητρα
580 1830 610 1895 9.

215 1937 318 2000 semel
342 1938 380 2021 νὴ
404 1937 461 2002 Δία
484 1938 537 2002 26.

305 2043 559 2108 Gravissimum
575 2066 636 2129 per
648 2050 717 2108 tres
734 2043 815 2108 deos
832 2044 1062 2110 iuramentum
1079 2045 1232 2112 hocloco

215 2157 317 2235 atque
349 2151 386 2214 in
416 2151 553 2236 privata
585 2151 739 2215 oratione
769 2150 938 2215 offendere
960 2152 1061 2217 Blass
1085 2161 1119 2218 et
1143 2154 1232 2239 Sigg

215 2260 247 2324 N
272 2259 305 2324 J.
333 2259 433 2343 1872,
458 2281 490 2344 p.
507 2259 586 2342 421)
610 2259 864 2326 intellexerunt.
911 2260 1002 2325 Nam
1031 2262 1232 2327 Demosthe-

215 2388 275 2431 nes
310 2366 383 2452 ipse
422 2373 492 2430 tres
531 2365 611 2430 deos
650 2386 719 2429 uno
755 2366 828 2430 loeo
865 2366 980 2430 animo
1014 2365 1233 2432 vehementer

214 2481 383 2538 eommoto
412 2472 601 2538 obtestatus
630 2479 681 2536 est
712 2473 782 2556 (21,
816 2473 903 2556 198).
967 2472 1019 2536 De
1051 2474 1232 2559 sputis-in

215 2580 410 2666 Callippum
434 2579 588 2644 oratione
612 2577 654 2645 ef.
678 2579 779 2643 Blass
804 2578 868 2662 111,
895 2580 911 2642 1
938 2600 970 2664 p.
988 2578 1064 2644 458.

109 2688 227 2753 01·.t3
251 2692 291 2768 (e.
316 2687 582 2765 Nicostratumi:
614 2686 712 2750 nihil.

305 2793 424 2858 Oratio
449 2793 566 2879 spuria
591 2793 703 2876 (Blass
727 2792 792 2876 III,
819 2794 836 2856 1
862 2815 894 2878 p.
912 2793 999 2875 459).

110 2901 165 2967 Or.
181 2901 225 2966 54
249 2902 509 2984 (c.Con0ne1n):
542 2923 601 2965 sex
624 2901 692 2965 loci
715 2901 785 2986 (μά,
809 2900 860 2984 νή,
884 2901 1040 2987 εὔχομαι).

213 3016 267 3074 ter
291 3013 335 3095 μὰ
358 3013 428 3086 τοὺς
452 3009 548 3085 θεοὺς
571 3010 601 3091 6,
626 3008 679 3090 26,
705 3009 747 3072 36
770 3047 809 3054 -
831 3008 869 3091 νὴ
895 3008 951 3072 Δία
974 3009 1019 3073 34
1039 3031 1079 3056 -’
1102 3012 1232 3095 εὔχομαι

322 3127 384 3194 τοῖς
407 3119 493 3193 θεοῖς
518 3117 568 3181 16.

108 3224 166 3289 Or.
184 3225 227 3287 ὃὸ
252 3229 385 3306 (eontra
410 3224 610 3307 Calliclem:
648 3229 723 3288 octo
747 3223 813 3288 loci
837 3225 907 3310 (μά,
931 3223 983 3309 νή,
1006 3225 1096 3308 πρός,
1121 3227 1171 3308 ὦ).

214 3331 318 3395 semel
347 3334 390 3416 μὰ
413 3330 456 3395 Δί’
481 3331 524 3395 26
558 3370 595 3379 --
628 3330 682 3395 bis
706 3331 743 3414 νὴ
768 3331 810 3394 Δί’
839 3331 874 3414 6,
905 3332 946 3396 17
981 3370 1020 3380 -
1054 3333 1079 3394 ὦ
1108 3341 1149 3417 γῆ
1179 3336 1232 3397 καὶ

322 3437 392 3501 θεοί
416 3437 469 3503 28.

215 3552 334 3631 qnater
358 3546 446 3629 πρόςε
481 3548 560 3628 πρὸς
584 3544 653 3622 Διὸς
678 3545 720 3609 18
746 3584 785 3594 -
810 3548 888 3629 πρὸς
911 3546 997 3610 θεῶν
1023 3547 1065 3609 18
1099 3586 1127 3594 -
1155 3549 1232 3631 πρὸς

321 3653 392 3730 Διὸς
415 3655 470 3716 καὶ
492 3653 578 3716 θεῶν
603 3652 633 3734 9,
659 3651 712 3718 35.

306 3759 375 3823 Hic
409 3757 548 3823 iurandi
581 3756 806 3822 formularum
841 3779 1003 3822 numerus
1038 3759 1147 3824 maior
1182 3765 1233 3823 est

215 3887 318 3950 qnam
348 3887 411 3952 pro
435 3865 602 3931 orationis
631 3865 830 3950 exiguitate.
887 3864 1007 3930 Oratio
1038 3865 1115 3952 ipsa
1146 3887 1232 3930 non-

214 3975 318 4039 nullis
353 3974 481 4039 critieis
515 3979 673 4060 suspecta
708 3981 775 4056 est,
816 3973 857 4037 de
893 3995 960 4059 qna
994 3995 1030 4037 re
1066 3994 1098 4040 v.
1130 3973 1231 4052 Blass

215 4081 283 4165 III,
311 4083 327 4145 l
359 4103 392 4168 p.
418 4082 493 4148 224.
742 4074 745 4079 ’

108 4185 227 4254 0125ss
251 4189 292 4277 (ο.
315 4187 623 4275 Dionysodorum:
660 4191 705 4273 μὰ
728 4187 770 4252 Δί’
795 4189 848 4256 38.
