2850 4560
601 118 822 182 ..29-

149 337 249 398 ιμιυιιι
274 314 376 379 deum
401 314 478 378 ideo
508 320 624 378 orator
653 313 841 398 appellasse
870 311 1012 394 (licitur,
1051 312 1142 396 quod
1171 312 1276 376 etiam

148 421 235 485 sacri
259 421 419 508 Delphici
442 421 519 484 iura
543 420 688 484 violasse
713 419 988 484 insimulabatur.
1006 423 1026 502 Ι)

238 529 437 592 Ceterorum
453 527 633 590 numinum
652 526 835 591 obtestatio
853 525 1053 611 plerumque
1070 517 1275 589 innumeris

148 642 208 698 aut
231 636 268 698 vi
292 635 443 699 oratoria
467 634 580 719 posita
604 656 675 697 esse
699 633 847 698 videtur.
904 633 980 709 Quo
1009 633 1046 696 in
1075 655 1199 716 genere
1223 654 1275 695 re-

147 741 306 826 ponenda
323 746 404 805 sunt
420 740 487 804 duo
504 763 564 826 per
578 741 735 803 Cererem
751 739 944 803 iuramenta
958 738 1050 825 apud
1061 739 1159 804 Dem.
1173 741 1203 822 3,
1218 741 1274 803 32:

146 861 245 914 ταῦτα
270 855 314 934 μὰ
336 851 391 933 τὴν
417 848 569 934 Δὴμητρα
594 850 714 911 οὐκ-ἂν
738 848 948 934 θαυμάσαιμι,
977 849 1002 912 εἰ
1026 848 1139 933 μείζων
1164 848 1276 911 εἰπόντι

147 960 217 1043 ἐμοὶ
236 959 357 1043 γένοιτο
377 957 450 1040 παρ’
467 959 554 1042 ὑμῶν
576 957 677 1042 βλάβη
699 966 760 1019 τῶν
781 957 1000 1040 πεποιηκότων
1021 957 1101 1019 αὐτὰ
1116 956 1274 1040 γενέσθαι.

148 1065 189 1128 Ιιι
215 1087 315 1148 quem
338 1064 451 1128 locum
475 1062 690 1126 scholiastes:
716 1062 770 1138 Ὡς
791 1061 961 1146 ἐπιπλήξας
982 1063 1152 1144 έλεραπεόει
1175 1062 1276 1145 πάλιν,

148 1171 199 1233 διὰ
233 1172 268 1233 τό
303 1173 404 1253 τραχὺ
440 1171 474 1234 δὲ
508 1171 565 1252 τὴν
601 1168 755 1253 Δήμητρα
791 1171 910 1253 ὄμνυσι,
945 1170 1162 1255 τυγχάνουσαι)
1198 1169 1275 1232 θεὸν

147 1277 276 1359 ἡμερον,
299 1279 378 1358 πρός
401 1278 437 1340 τό
461 1275 599 1360 ἡμέρους
627 1277 739 1352 αὐτοὺς
763 1285 899 1360 ποιησαι.
945 1275 1063 1358 Ὥςπερ
1087 1279 1148 1360 γὰρ
1171 1276 1275 1361 ἐκείνη

148 1385 198 1447 διὰ
232 1394 293 1448 τῶν
328 1393 458 1467 καρπῶν
493 1383 630 1468 ἡμέρους
665 1387 734 1461 τοὺς
771 1384 961 1467 ἀνθρώπους
996 1383 1154 1468 ἐποίησεν,
1195 1387 1275 1447 οὕτω

148 1495 202 1555 καὶ
230 1493 322 1567 αὐτὸς
351 1493 401 1554 διὰ
428 1502 482 1554 τοῦ
511 1494 609 1574 ὅρκου
638 1493 779 1578 βούλεται
807 1491 944 1576 ἡμεροῦν
974 1493 1075 1554 αὐτῶν
1105 1493 1276 1576 ἀγριότητα

147 1599 205 1681 τὴν
229 1598 400 1682 γενομένην
425 1599 462 1661 ἐκ
484 1607 541 1681 τῆς
565 1598 776 1683 ἐπιτιμήσεως.
832 1599 927 1662 Haec
954 1620 1058 1679 vana,
1091 1620 1133 1661 ne
1164 1597 1276 1661 dicam

148 1706 265 1790 inepta
281 1705 521 1791 interpretatio
539 1706 631 1772 haurl
648 1707 718 1770 scio
736 1729 780 1770 an
796 1705 926 1770 nemini
943 1707 1116 1791 probetur.
1156 1707 1275 1791 Neque
1360 1759 1363 1766 .

148 1812 261 1877 minus
291 1813 434 1877 obscura
465 1820 516 1877 est
546 1815 652 1878 altera
678 1813 811 1878 Cereris
841 1813 1024 1878 obtestatio
1055 1813 1146 1899 apurl
1174 1815 1273 1878 Dem.

130 1922 205 2003 419,
231 1922 295 1985 262
319 1932 416 1984 ταῦτα
440 1923 478 2004 νὴ
504 1923 561 2004 τὴν
586 1921 754 2007 Δήμητρα,
784 1923 876 1985 εῖδει
901 1923 943 2006 μη
969 1923 1090 2006 ληρεῖν,
1113 1922 1275 2008 εὐλαβείας

149 2030 185 2091 οὐ
210 2039 323 2112 μικροῖς
348 2029 450 2092 δεῖται.

186 2147 189 2155 “
238 2135 420 2220 Neptunus
442 2156 575 2218 quoque
598 2133 716 2201 existit
738 2134 821 2201 deus
838 2133 1008 2198 inrativus
1025 2135 1116 2219 apud
1132 2134 1274 2199 Aeschi-

147 2264 226 2304 nem
252 2243 285 2324 1,
317 2242 358 2305 73
398 2242 552 2327 βούλεσθε
581 2243 634 2304 οὗν
662 2243 697 2304 τὸ
729 2242 802 2305 όλον
830 2252 962 2327 πρᾶγμα
990 2244 1129 2326 ἀφῶμεν,
1147 2245 1202 2306 καὶ
1230 2244 1273 2327 μι)

148 2351 307 2433 §propera
338 2350 376 2432 νὴ
400 2351 453 2411 τόν
485 2347 628 2412 Ποσειδῶ
653 2359 762 2425 κακῶς
795 2352 857 2432 ἄρα
885 2351 943 2433 τὴν
974 2351 1062 2414 πόλιν
1098 2343 1276 2435 οἰκήσομεν,

149 2477 216 2540 quo
248 2455 282 2518 in
308 2455 381 2520 loco
405 2454 492 2518 illud
515 2455 614 2520 nobis
640 2456 802 2537 occurrit,
832 2456 1096 2521 Atheniensium
1121 2463 1274 2520 veterum

149 2562 346 2648 opinionem
369 2562 485 2645 fuisse,
510 2563 709 2648 Neptunum
726 2564 856 2648 pariter
871 2587 911 2654 ac
927 2565 1122 2629 Minervam
1138 2564 1274 2629 Atticae

148 2677 260 2734 terrae
284 2670 477 2755 praesidere
502 2676 604 2754 atque
628 2670 831 2755 prospicere.
844 2673 868 2753 2)

237 2777 334 2840 Idem
371 2784 486 2843 orator
521 2775 686 2841 Liberum
721 2798 855 2862 quoque
892 2785 1105 2843 contestatur
1142 2782 1177 2859 1,
1214 2781 1273 2844 52:

149 2884 252 2947 οὐκέτι
280 2883 380 2967 δὴπου
409 2884 549 2966 φαίνεται
581 2884 675 2969 μόνον
706 2883 902 2968 ἡταιρηκώς,
935 2885 1017 2948 ἀλλὰ
1048 2889 1102 2949 καὶ
1134 2890 1191 2973 (μοὶ
1221 2890 1274 2951 τόν

148 2990 294 3055 Διόνυσον
329 2992 388 3053 οὐκ
430 2991 486 3054 οἶδ’
523 2992 607 3067 ὅπως
650 2989 822 3074 δυνήσομαι
860 2992 1056 3073 περιπλέκειν
1096 2993 1174 3078 όλην
1216 2995 1273 3077 τὴν

147 3099 284 3183 ἡμέραν)
318 3101 371 3161 καὶ
397 3098 660 3181 πεπορνευμένος,
699 3120 802 3181 quam
834 3099 1097 3163 obtestationem
1129 3099 1274 3165 fortasse

146 3214 281 3292 repetas
314 3228 354 3269 ex
386 3227 439 3287 eo,
473 3206 564 3290 quod
588 3205 644 3270 hic
667 3205 749 3270 (leus
773 3206 971 3272 hominibus
996 3216 1114 3272 auctor
1138 3216 1203 3291 est,
1235 3217 1275 3274 ut

148 3335 370 3397 quaecunque
408 3310 449 3375 cle
489 3312 611 3396 quavis
650 3334 685 3376 re
725 3313 890 3395 sentiant,
930 3313 1034 3378 nullis
1070 3315 1274 3400 ambagibus

148 3427 264 3506 aperte
288 3421 483 3504 loquantur.
531 3419 588 3484 An
612 3428 794 3484 occurrunt
817 3420 892 3506 ipsa
916 3421 1166 3487 Bacchanalia?

237 3527 402 3591 Hercules
439 3547 588 3611 quoque,
627 3533 666 3590 ut
701 3527 761 3611 qui
796 3549 866 3592 non
901 3529 1012 3592 solum
1046 3529 1174 3614 hercle,
1214 3531 1274 3595 sed

147 3632 256 3719 ipsius
289 3633 343 3697 dei
375 3633 501 3697 iustam
532 3633 789 3697 venerationem
821 3634 912 3720 apud
941 3636 1089 3700 Graecos
1121 3635 1272 3722 haberet,

148 3765 168 3806 a
197 3741 372 3804 nonnullis
405 3741 599 3806 oratoribus
631 3741 848 3827 imploratur,
882 3763 949 3827 quo
981 3743 1018 3808 in
1049 3766 1191 3809 numero
1223 3752 1274 3809 est

147 3846 342 3912 Dinarchus
367 3848 402 3929 2,
428 3850 464 3911 3:
501 3850 536 3911 οὐ
561 3851 622 3932 γὰρ
648 3848 686 3930 δὴ
713 3851 757 3932 μὰ
784 3851 838 3911 τόν
862 3849 1026 3930 Ἡρακλέα
1050 3851 1159 3937 βελτίω
1183 3852 1275 3937 γενή-

148 3956 261 4018 σεσθαι
278 3955 371 4017 αὐτόν
388 3955 592 4037 προςδοκᾶτε.
634 3955 817 4018 Praeterea
830 3954 952 4019 Aesoh.
969 3956 997 4039 1,
1018 3958 1082 4021 188
1098 3963 1132 4022 et
1148 3960 1178 4040 3,
1198 3959 1272 4043 112,

241 4096 261 4166 1)
289 4093 399 4148 Jacobs
418 4095 653 4161 (Demosthenes
673 4095 873 4165 Staatsreden‚
894 4097 973 4166 1833)
993 4116 1019 4170 p.
1039 4099 1099 4170 606,
1118 4103 1178 4154 not.
1196 4099 1240 4154 87.

237 4183 259 4258 ’,ι
288 4183 401 4241 Preller
419 4184 434 4237 I
452 4203 479 4260 p.
499 4185 558 4241 359.
