2850 4560
637 82 856 147 „48-

273 277 327 342 Ex
349 299 388 344 eo
405 278 497 364 quod
518 279 688 365 particula
709 278 752 365 μοί
768 301 901 364 semper
917 277 1091 342 infitiandi
1107 278 1178 344 vim
1194 277 1311 362 habet,

185 387 350 471 sequitur,
375 395 414 450 ut
435 409 560 452 eonon
582 387 692 472 possit
707 386 867 472 usurpari
884 386 952 450 nisi
970 387 1006 450 in
1023 387 1093 450 illis
1110 387 1312 470 enuntiatis

185 492 310 577 quibus
335 493 466 578 aliquid
490 516 562 557 esse
582 494 638 557 vel
661 493 736 557 fieri
760 515 936 578 negamus,
962 515 1114 578 quaeque
1131 494 1312 558 enuntiata

186 599 390 664 Germanice
408 599 794 685 ,Bahauptungsstitze“
822 598 993 665 dicuntur.
1042 600 1151 685 Atqui
1173 607 1312 665 exstent

185 705 253 770 duo
277 707 357 789 loci,
389 706 448 771 ubi
481 706 649 771 eiusmodi
680 706 874 772 iuramenta
903 707 1018 792 posita
1049 729 1120 772 esse
1152 708 1312 772 videmus

186 813 222 877 in
244 813 423 877 sententiis
443 812 669 898 imperativis,
718 812 785 878 Sed
809 835 845 877 re
869 812 1071 898 diligentius
1095 813 1311 879 considerata

185 919 437 1004 intellegemus
471 919 608 984 iurandi
639 918 804 983 formulas
835 940 905 983 non
938 932 1007 984 tam
1041 920 1220 1006 adipsum
1246 921 1311 986 im·

185 1026 376 1112 perativnm
402 1024 540 1090 modum
565 1025 735 1110 pertinere
759 1048 860 1110 quum
886 1025 930 1090 ad
953 1027 1158 1091 sententiam
1181 1049 1222 1091 ex
1246 1028 1311 1091 im·

185 1133 341 1218 perativo
373 1139 498 1218 eptam.
555 1133 655 1210 Quod
678 1132 718 1197 fit
742 1131 834 1217 opud
858 1133 1021 1199 Dinarch.
1047 1136 1083 1216 2,
1116 1137 1150 1200 3:
1188 1137 1310 1221 οὐγὰρ

185 1240 224 1323 δὴ
257 1243 301 1325 μοί
331 1242 383 1304 τὸν
414 1239 576 1322 Ἡρακλέα
608 1240 716 1326 βελτίω
751 1239 942 1325 γενήσεσθαι
978 1243 1071 1304 αὐτὸν
1106 1243 1311 1324 προςδοκᾶτε.

185 1347 261 1410 Hoc
284 1346 358 1410 loco
382 1368 424 1409 ne
448 1345 679 1410 iuramentum
704 1346 748 1410 ad
774 1347 1016 1431 imperativum
1041 1346 1243 1432 referamus
1277 1355 1311 1412 et

185 1453 349 1537 negativa
366 1453 534 1539 particula
550 1456 585 1517 οὐ
602 1460 636 1518 et
651 1453 726 1538 ipsa
747 1453 885 1518 iurandi
905 1453 1072 1519 formulae
1088 1455 1312 1527 collocatione

186 1558 416 1646 prohibemur.
471 1560 585 1644 Negat
617 1559 708 1624 enim
740 1567 856 1624 orator
884 1561 1067 1626 Herculem
1100 1569 1312 1628 contestatus

187 1668 361 1732 meliorem
379 1688 529 1751 unquam
553 1689 647 1730 reum
666 1688 739 1731 esse
756 1687 952 1747 evasurum
975 1667 1180 1753 imperativo
1197 1674 1310 1733 autem

186 1775 321 1840 subluto
344 1772 402 1837 hic
424 1771 495 1837 fere
519 1795 637 1837 sensus
661 1772 763 1838 foret:
789 1775 824 1836 οὐ
841 1772 1005 1859 γενήσεται
1022 1778 1065 1859 μά
1080 1776 1133 1837 τὸν
1150 1774 1314 1857 Ἡρακλέα

187 1883 322 1970 βελτίων.
368 1882 503 1946 Pariter
528 1882 691 1968 explicari
716 1889 829 1968 potest
853 1883 939 1946 alter
960 1883 1033 1946 eius
1055 1883 1193 1967 generis
1216 1883 1312 1948 locus

186 1989 277 2076 apud
309 1990 405 2054 Dem.
441 1989 495 2071 14,
529 1991 581 2055 38.
638 1989 806 2054 Similiter
834 1989 967 2053 duobus
996 1987 1313 2076 alrislocis(ap11d

186 2098 267 2163 Diu.
292 2100 321 2181 1,
347 2099 388 2163 77
413 2099 456 2161 δεῖ
553 2098 766 2183 ὑμᾶς...μὴ
791 2101 835 2183 pot
851 2097 907 2160 Δία
931 2099 983 2160 τδν
1005 2097 1102 2161 πλείω
1125 2098 1314 2182 χρόνον...

188 2217 345 2272 κοινωνεῖν
369 2214 402 2269 et
426 2205 517 2290 apud
541 2206 638 2270 Deru.
663 2206 716 2288 23,
740 2205 784 2269 48
807 2214 945 2289 προςῆκε
965 2206 1162 2290 προςηράψαι
1183 2256 1190 2271 .
1209 2256 1241 2271 ..
1266 2207 1312 2291 μὴ

192 2319 236 2401 μοί
259 2314 302 2378 Δί’
328 2315 403 2378 αὐτὸ
427 2315 462 2377 τδ
486 2315 585 2397 ὄνομα
613 2312 815 2376 εἰπόντα
846 2311 1057 2396 προςηράψαι)
1088 2309 1236 2375 formula
1269 2315 1316 2396 μὰ

187 2422 243 2486 Δία
266 2441 335 2484 non
360 2418 403 2484 ad
428 2417 639 2482 infinitivum
664 2415 803 2481 morium
827 2415 1005 2480 referenda
1028 2423 1093 2500 est,
1123 2438 1241 2481 verum
1267 2416 1313 2482 ad

187 2529 262 2615 ipse
293 2526 459 2591 vocabula
491 2527 534 2590 δεῖ
566 2534 600 2589 et
630 2533 783 2608 προςηκε,
814 2530 852 2587 ut
883 2545 1002 2587 sensus
1033 2524 1092 2588 sit:
1129 2527 1165 2588 οὐ
1189 2529 1232 2610 μοί
1255 2525 1314 2590 Δία

187 2637 231 2700 δεῖ
255 2639 430 2724 (spamae).

278 2740 351 2806 Iam
372 2760 454 2804 vero
476 2747 705 2823 congruenter
726 2737 784 2820 eis,
810 2760 896 2823 quae
918 2759 1022 2823 supra
1043 2736 1198 2822 exposita
1219 2745 1312 2821 sunt,

186 2849 271 2915 haec
306 2849 499 2913 iuramenta
539 2869 715 2932 nunquam
758 2845 915 2911 accedere
949 2852 1093 2931 possunt
1127 2845 1171 2911 ad
1206 2847 1316 2910 inter·

188 2957 399 3040 rogationem
431 2955 467 3019 in
492 2954 664 3040 responsis
688 2960 801 3017 autem
827 2951 1061 3035 inveniuntur,
1086 2961 1202 3017 utres
1227 2953 1314 3038 ipsa,

188 3087 275 3151 quae
306 3064 423 3127 subest
455 3042 735 3145 interrogationi,
769 3058 936 3146 perfracte
965 3069 1119 3144 negetur.
1175 3060 1251 3136 Quo
1277 3061 1316 3124 in

189 3193 313 3255 genere
345 3177 396 3234 est
428 3166 514 3233 illud
548 3166 744 3249 iurandum,
781 3166 822 3230 de
851 3187 919 3251 quo
948 3165 1239 3251 supradiximus,
1278 3167 1315 3231 in

188 3277 381 3344 Aeschinen
409 3275 563 3342 oratione
595 3276 627 3357 1,
656 3277 717 3338 88:
753 3275 780 3338 τί
805 3277 858 3339 οὖν
884 3275 1043 3359 ἀπέφυγον
1072 3275 1101 3338 οἱ
1128 3274 1315 3359 κρινόμενος

189 3391 233 3472 μοὶ
268 3389 321 3450 τδν
352 3384 526 3469 Ἡρακλέα,
565 3384 630 3447 ἐπεὶ
665 3383 793 3467 θανάτῳ
830 3383 1066 3468 ἐζημιώθησαν.
1130 3381 1315 3447 Praeterea

189 3494 224 3558 in
264 3492 436 3579 responsis
479 3491 562 3556 haec
605 3491 797 3555 iuramenta
840 3491 1025 3572 negatione
1064 3487 1182 3554 addita
1221 3490 1314 3554 solus

189 3599 436 3666 Demosthenes
452 3607 605 3684 usurpat,
631 3605 669 3662 ut
688 3599 716 3680 1,
742 3600 782 3661 19
807 3601 844 3662 σὺ
868 3598 996 3682 γράφεις
1020 3597 1104 3661 ταῦτ’
1121 3599 1198 3660 εἶναι
1222 3619 1314 3680 στρα-

188 3710 329 3789 τιωτικοί;
353 3712 397 3793 μὰ
420 3707 462 3771 Δί’
487 3708 545 3770 οὐκ
569 3709 678 3791 ἔγωγε.
703 3744 743 3754 -
768 3705 804 3786 4,
829 3705 871 3768 25
903 3703 1028 3788 εἰρήνην
1054 3706 1145 3788 ἄγετε
1169 3727 1237 3780 ...;
1270 3707 1314 3788 μοί

189 3816 232 3881 Δί
256 3818 317 3899 οὐχ
340 3813 428 3899 ἡμεῖς
452 3835 496 3899 γε,
521 3813 603 3876 ἀλλὰ
626 3812 771 3896 Φιλίππῳ
794 3812 996 3895 πολεμοῦμεν.
1018 3849 1058 3856 -
1088 3808 1137 3892 19,
1164 3809 1225 3872 141
1253 3811 1314 3893 ἅμα

189 3927 242 3989 καί
267 3924 346 4009 μένα
370 3933 479 4003 ταῦτα,
503 3923 539 3985 οὐ
564 3924 607 4006 μοί
631 3920 683 4002 Δί,
708 3921 775 3984 ἀλλ’
800 3923 842 3985 ἔτι
867 3921 944 4002 πρὸς
967 3919 1085 3994 τούτοις
1188 3919 1244 3985 ἴνθ.
1270 3920 1315 3983 38

189 4030 210 4114 ἡ
235 4031 269 4095 δέ
294 4029 460 4115 συγγραφὴ
485 4028 512 4091 τί
534 4027 636 4112 *ai-(eu
664 4029 699 4090 οὐ
724 4030 767 4111 μοί
788 4026 830 4089 ,θ’
856 4027 891 4088 οὐ
915 4025 1006 4089 ταῦθ’
1028 4027 1049 4088 ἃ
1073 4028 1110 4089 οὺ
1134 4024 1265 4110 λέγεις,.
1282 4077 1314 4093 ..

191 4139 259 4205 ἀλλ’
283 4139 337 4204 ἐάν
453 4175 493 4184 --
526 4136 584 4220 24,
619 4136 682 4199 125
794 4135 922 4219 αἰσχρὸν
952 4137 1027 4212 ἴσως
1057 4135 1096 4218 ἦν
1128 4133 1261 4216 δεθῆναι
1291 4134 1314 4220 ἣ
