2850 4560
548 119 769 187 -35-

95 316 244 403 quadem
290 340 372 382 cure
423 340 462 382 ao
500 317 685 402 diligentia
730 317 827 381 illum
870 316 997 382 librum
1036 315 1223 381 excussisse
1336 368 1339 376 .

96 431 248 510 constet,
284 425 350 492 hoc
381 426 520 512 quidem
551 427 624 491 loco
656 426 846 512 simplicem
877 425 1061 490 formulam
1089 427 1127 510 νὴ
1158 426 1222 491 Δία.

95 530 199 610 Quod
222 532 253 597 si
275 553 338 618 pro
370 534 549 618 explorato
580 532 759 617 habemuS,
792 532 1000 617 relinquitur
1031 531 1123 618 opud
1155 533 1223 597 De·

94 640 309 732 mosthenem
348 640 385 706 in'
425 662 590 726 germane
629 640 784 705 oratione
824 641 872 724 (9,
906 642 961 724 68)
1000 661 1090 706 nnus
1127 639 1223 704 locus

94 745 238 812 huiusce
270 746 418 812 oratoris
450 746 599 828 sermoni
627 746 835 831 contrarius²
865 769 966 831 quem
990 746 1027 812 in
1051 746 1224 812 communi

94 853 261 920 codicum
282 876 448 920 consensu
481 853 681 920 labefactari
712 855 807 920 nefas
840 877 912 920 esse
937 855 1023 920 duco
1056 854 1159 940 idque
1183 876 1222 919 eo

94 962 223 1048 magis,
256 963 349 1048 quod
377 963 421 1027 ad
448 962 544 1028 illem
560 962 772 1047 ‘sententiam
799 962 939 1048 aliquod
964 963 1107 1048 gravius
1131 963 1222 1028 iura-

94 1078 250 1136 mentum
277 1092 348 1134 non
371 1070 488 1157 inepte
516 1070 647 1135 accedit
678 1094 716 1135 ac
746 1071 892 1157 simplex
923 1070 1071 1136 formula
1102 1073 1140 1155 νὴ
1167 1071 1224 1136 Δία

16 1266 23 1275 Ι
94 1176 182 1264 ipsis
198 1176 350 1242 numeris
371 1176 649 1242 incommodaret.
698 1177 840 1261 Omitto,
866 1178 957 1261 quod
973 1177 1222 1242 Demosthenes
1330 1253 1332 1257 ⁸

93 1285 162 1351 hoc
184 1285 261 1350 loco
281 1285 388 1350 alium
411 1283 583 1371 quendam
606 1286 712 1350 verbe
736 1283 918 1350 facientem
941 1284 1083 1350 inducit.

186 1392 240 1457 Ex
271 1391 349 1458 aliis
381 1399 494 1457 eutem
525 1392 628 1457 huius
660 1392 797 1478 generis
828 1392 986 1457 formulis
1010 1399 1155 1479 usurpat
1180 1389 1224 1480 pot

93 1503 167 1577 τοὺς
198 1501 293 1576 θεούς
323 1499 449 1584 Lysias
481 1500 585 1564 semel
615 1502 650 1583 8,
686 1500 743 1581 183
789 1499 906 1564 isaeus
939 1501 1042 1564 semel
1075 1501 1130 1584 11,
1163 1503 1223 1582 363

93 1602 285 1672 Aeschines
308 1606 379 1671 bis:
411 1607 509 1693 epist.
535 1607 570 1690 ὅ,
606 1609 623 1670 1
653 1646 694 1653 -
728 1607 826 1693 epist.
852 1608 882 1690 9,
908 1607 942 1688 2;
975 1607 1222 1673 Demosthenes

93 1711 227 1799 viginti
250 1732 319 1777 uno
342 1712 426 1777 locis
451 1711 505 1795 (cf.
530 1717 658 1798 supra).

187 1825 231 1906 μὰ
253 1825 325 1897 τοὺς
348 1822 443 1897 θεοὺς
467 1823 537 1897 τοὺς
561 1802 760 1905 Ὀλυμπίους
778 1819 882 1885 habet
905 1820 1022 1884 Isoeus
1050 1841 1119 1886 uno
1148 1821 1222 1886 loco
1292 1827 1294 1832 '
1401 1829 1405 1836 '

94 1929 127 2011 8,
156 1928 213 2009 293
241 1927 428 1992 Aeschines
451 1926 535 1990 item
559 1947 627 1990 uno
652 1926 725 1990 loco
750 1927 780 2009 3,
808 1922 881 1991 182.
982 1939 985 1946 ’

185 2036 224 2118 νὴ
250 2039 320 2112 τοὺς
343 2035 439 2111 θεοὺς
462 2034 573 2098 utitur
592 2033 779 2098 Aeschines
803 2055 872 2097 nno
896 2034 970 2098 loco
994 2035 1025 2118 2,
1052 2035 1129 2117 1303
1154 2036 1223 2100 De-

99 2143 290 2207 mosthenes
315 2142 467 2228 quinquo
490 2141 573 2206 locis
598 2146 644 2222 (ν.
669 2147 796 2228 supra).

126 2272 130 2278 ·
185 2251 224 2334 νὴ
252 2253 323 2326 τοὺς
351 2251 445 2325 θεοὺς
472 2251 543 2326 τοὺς
567 2247 753 2334 Ὀλυμπίους
780 2246 973 2329 Aeschines
996 2249 1089 2313 solus
1118 2249 1223 2315 hebet

97 2358 127 2439 3,
140 2357 228 2429 228.
1021 2357 1023 2360 ’

145 2470 151 2483 ’
185 2463 286 2528 Addo
311 2463 395 2528 alies
424 2462 596 2549 simplices
624 2463 804 2547 formulae,
838 2463 961 2548 quibus
993 2464 1222 2551 implorentur

95 2572 233 2657 singuli.
252 2571 308 2636 dei
331 2573 386 2636 vel
411 2572 508 2637 deno:
681 2560 685 2568 ¹

163 2682 231 2764 7μοι
252 2682 306 2743 τὸν
330 2679 493 2763 Ἡρακλέα
515 2687 702 2764 usurpetur
733 2680 759 2743 κ’
786 2678 961 2744 Dineroho
993 2681 1027 2764 2,
1061 2683 1081 2744 3
1112 2687 1147 2746 et
1178 2682 1221 2747 ab

94 2785 266 2851 Aeschino
289 2786 422 2852 duobus
447 2785 530 2850 locis
557 2786 632 2869 1,88
657 2825 698 2834 -
723 2788 753 2869 3,
778 2787 854 2851 212.

186 2896 223 2978 νὴ
249 2897 305 2979 τὴν
330 2895 470 2982 Ἀθηνᾶν
493 2894 663 2980 reperitur
686 2893 778 2980 apud
802 2895 1068 2960 Demosthenem
1093 2897 1149 2980 26,
1181 2897 1222 2960 19

95 3007 130 3091 et
154 3001 246 3086 apud
269 3002 472 3087 Lycurgum
496 3009 616 3067 contra
639 3004 757 3068 Leocr.
784 3008 803 3084 ξ
829 3001 880 3068 75.
976 2992 979 2998 ’

185 3107 433 3173 Uniusnutem
456 3109 603 3174 oratoris
627 3088 768 3196 proprie
789 3109 1009 3196 reperiuntur
1028 3111 1111 3176 haec
1131 3111 1222 3176 iura·

94 3223 221 3299 mente,
246 3208 432 3302 inquibus
457 3216 700 3283 Demosthenis
725 3223 818 3281 sunt:

186 3327 231 3409 μὰ
264 3325 321 3408 τὴν
356 3323 496 3409 Ἀθηνᾶν
532 3322 665 3390 duobus
700 3323 783 3389 locis
819 3324 878 3407 24,
921 3325 984 3389 199
1025 3363 1065 3372 -
1105 3324 1221 3394 exord.

93 3431 149 3514 46,
174 3431 266 3513 303¹)
291 3432 329 3515 νὴ
354 3433 407 3495 τὸν
430 3430 594 3513 Ἡρακλέα
618 3431 671 3515 25,
696 3431 751 3512 51;
785 3432 908 3518 μολπὴν
933 3430 1087 3518 Δήμητρα
1111 3434 1141 3516 3,
1166 3432 1222 3515 32,

94 3540 134 3623 νὴ
157 3540 214 3623 τὴν
238 3537 390 3624 Δήμητρα
416 3539 467 3622 19,
492 3539 567 3602 262.

188 3751 208 3822 ¹)
236 3750 321 3817 Quod
334 3750 493 3806 Rehdantz
511 3750 587 3823 (Iud.
600 3770 627 3822 p.
640 3750 706 3823 281)
724 3751 871 3805 concludit
889 3769 926 3807 ex
937 3750 1036 3807 verbis
1048 3751 1223 3809 Aeschineis

95 3841 133 3912 (3,
147 3840 199 3895 150
212 3843 339 3906 διώμνυτο
357 3845 405 3908 τὴν
419 3844 542 3908 Ἇ9ηνοῐν,
562 3845 602 3909 ἦν,
617 3843 653 3905 ὡς
667 3844 740 3894 ἔοικε
753 3844 861 3906 Φειδίας
874 3844 1061 3909 ἐνεργολαβεῖν
1076 3847 1221 3912 εἰργάσατο

95 3934 142 3983 καί
161 3934 324 3995 ἐνεπιορκεῖν
344 3929 533 4000 Δημοσθένει),
556 3928 632 3983 haec
649 3945 702 4000 per
720 3926 885 3983 Minervam
903 3927 1070 3985 iuramenta
1087 3949 1158 4003 prae
1178 3951 1223 3988 ce-

94 4019 166 4074 teris
209 4037 227 4073 a
251 4018 452 4075 Demosthene
478 4025 577 4075 amata
604 4025 634 4074 et
656 4023 799 4090 usurpata
825 4035 902 4089 esso,
931 4037 967 4074 ex
991 4018 1049 4074 hcc
1072 4020 1222 4092 paucitate

94 4108 215 4166 minime
239 4108 384 4181 sequitur,
409 4109 584 4181 praesertim
609 4107 858 4165 numerationem
883 4109 1008 4165 altorem
1026 4109 1058 4166 in
1076 4109 1222 4184 Aristogi-

94 4206 195 4256 tonem
214 4201 273 4274 (26)
293 4199 424 4272 spuriam
442 4217 506 4254 esse
526 4205 648 4256 constet.
