2850 4560
595 96 815 160 ..7ss-

180 366 183 374 ¹
340 291 382 355 ln
413 290 478 355 hec
511 297 581 355 tam
619 290 725 376 longa
756 290 910 356 oratione
945 299 1118 378 exspectes
1152 294 1271 381 plures

182 380 198 487 )
251 399 388 465 iurandi
411 397 591 480 formulas;
622 420 691 463 non
715 398 957 465 Demosthenis
982 423 1057 465 eam
1081 424 1153 467 esse
1177 404 1271 468 veri-

251 505 362 571 simile
386 512 437 570 est
460 505 573 587 (Blass
598 504 661 588 ΙΙΙ,
689 507 706 568 1
732 527 764 591 p.
790 506 879 589 524).

144 614 202 681 Or.
220 614 263 678 57
288 618 327 694 (c.
352 611 586 693 Eubulidem):
623 619 692 675 tres
716 611 782 676 loci
807 612 873 698 (pat,
896 613 997 696 πρός).

252 723 296 805 μὰ
318 721 371 782 τὸν
395 718 452 782 Δία
474 718 518 781 42
542 726 575 781 et
597 717 652 782 bis
675 720 752 801 πρὸς
776 718 846 795 Διὸς
869 721 922 782 καὶ
945 721 1030 784 θεῶν
1055 720 1108 802 50,
1134 721 1187 786 59.

340 824 503 888 Formula
528 828 572 909 μὰ
595 827 647 887 τὸν
664 825 720 888 Δία
744 845 814 888 non
834 825 1099 891 Demostheniea
1122 849 1196 891 esse
1216 828 1271 892 vi-

251 933 361 1015 detur,
386 930 427 994 de
452 953 519 1015 qua
542 953 578 993 re
602 952 706 1016 supra
730 930 858 995 dictum
882 939 943 997 est.
990 930 1150 1016 Accedit,
1175 935 1270 1019 qnod

252 1040 288 1103 in
319 1036 475 1122 longiore
507 1035 661 1100 oratione
691 1037 842 1121 reliquae
877 1036 964 1101 duee
995 1036 1162 1103 formulae
1198 1061 1269 1104 non

252 1146 352 1211 aliter
371 1144 440 1208 nisi
461 1144 498 1208 in
518 1144 792 1231 praemunitione
814 1144 887 1208 sive
908 1144 1142 1230 prediorthosi
1165 1147 1270 1211 collo-

252 1260 348 1318 catae
372 1258 462 1316 sunt.
509 1250 562 1313 De
586 1249 651 1314 hae
673 1249 778 1314 dubia
803 1251 957 1315 oratione
981 1251 1152 1336 conferas,
1181 1275 1270 1338 quae

250 1381 354 1444 supra
377 1358 532 1444 exposita
556 1364 646 1423 sunt.

145 1467 203 1534 Or.
221 1468 265 1531 58
288 1477 329 1550 (c.
347 1464 604 1546 Theocrinemi:
641 1462 708 1528 duo
734 1464 799 1529 loci
823 1466 888 1551 (μά,
912 1465 975 1551 νή).

253 1578 297 1660 μὰ
320 1576 371 1637 τὸν
395 1572 452 1636 Δία
475 1573 518 1635 36
542 1579 575 1636 et
599 1571 637 1654 νὴ
663 1571 705 1635 Δί’
731 1572 783 1637 64.

340 1681 394 1744 Ex
422 1678 514 1744 hisce
538 1679 670 1744 duabus
699 1678 871 1764 formulis,
890 1702 990 1764 quae
1014 1702 1077 1766 pro
1100 1683 1269 1747 orationis

252 1786 469 1873 longitudine
501 1808 689 1872 perpaucae
724 1793 819 1869 sunt,
856 1790 900 1872 μὰ
930 1789 997 1850 τὸν
1029 1787 1086 1853 Δία
1120 1789 1157 1854 in
1188 1809 1270 1855 vere

251 1891 524 1959 Demosthenicis
546 1891 758 1956 orationibus
782 1913 851 1955 non
875 1892 1045 1977 reperitur
1067 1891 1121 1975 (cf.
1138 1902 1269 1980 supra).

254 2041 289 2050 -
319 2001 371 2065 De
395 1999 512 2086 spuria
535 1997 598 2062 hac
622 1997 777 2063 oratione
801 2019 833 2063 v.
859 1998 958 2063 Blass
982 1998 1048 2082 ΙΙΙ,
1074 1999 1091 2063 1
1118 2021 1150 2086 p.
1167 2000 1246 2068 440.

144 2111 202 2177 Or.
222 2110 265 2174 59
289 2113 329 2191 (c.
350 2108 545 2189 Neaeram:
582 2104 679 2170 nihil.
728 2105 854 2191 Spuria
879 2105 989 2170 oratio
1015 2105 1128 2192 (Blass
1152 2107 1222 2192 111,
1252 2111 1275 2173 l·

306 2237 337 2302 p.
361 2215 451 2296 482).

145 2325 203 2392 Or.
221 2327 265 2389 60
288 2323 504 2406 (declamatio
528 2320 710 2402 funebris):
741 2319 839 2385 nihil.

146 2432 203 2497 Or.
221 2432 261 2494 61
288 2426 503 2511 (declamatio
528 2426 723 2508 material:
756 2425 855 2492 nihil.

342 2535 394 2598 De
419 2532 473 2596 his
494 2531 621 2618 spuriis
642 2531 949 2597 declamationibus
972 2532 1014 2599 cf.
1037 2533 1136 2599 Blass
1157 2532 1223 2616 ΙΙΙ,
1252 2538 1266 2599 l

251 2666 284 2730 p.
307 2644 371 2707 356
396 2649 430 2705 et
453 2663 485 2726 p.
507 2642 581 2706 358.

145 2751 358 2819 Exordia:
405 2750 463 2831 25,
495 2751 516 2812 3
546 2756 580 2812 et
611 2750 669 2831 31,
701 2749 721 2811 2
752 2751 883 2834 εὔχομαι
906 2750 940 2813 δὲ
964 2759 1025 2826 τοῖς
1048 2752 1135 2826 θεοῖς
1159 2788 1201 2799 -
1226 2752 1271 2814 35

307 2858 387 2939 (duo
404 2857 482 2940 loci)
504 2860 548 2943 μὰ
568 2858 610 2921 Δί’
635 2863 669 2921 et
692 2857 730 2940 νὴ
752 2856 794 2920 Δί’
820 2895 860 2903 --
885 2855 928 2919 45
953 2859 997 2942 μὰ
1020 2860 1091 2934 τοὺς
1114 2859 1209 2935 θεοὺς
1227 2897 1268 2905 -

304 2967 348 3030 46
373 2968 417 3050 μὰ
440 2965 496 3048 τὴν
520 2965 659 3048 Ἀθηνᾶν
683 3002 722 3010 -
747 2963 793 3026 48
817 2965 860 3048 μὰ
884 2966 955 3040 τοὺς
978 2964 1080 3042 θεούς.

342 3073 436 3136 Haec
452 3070 602 3152 exordia,
628 3091 714 3154 quae
731 3068 830 3133 Blass
848 3068 926 3153 (Ill,
954 3070 970 3132 1
995 3091 1028 3155 p.
1046 3071 1125 3154 281)
1148 3079 1271 3138 contra

253 3182 367 3269 plures
383 3179 485 3243 huius
502 3178 624 3243 aetatis
640 3177 776 3241 criticos
793 3176 1035 3241 Demosthenis
1056 3200 1127 3242 esse
1143 3187 1270 3261 censet,

253 3291 288 3354 iu
313 3285 449 3353 iurandi
474 3284 631 3350 formulis
655 3282 744 3348 nihil
769 3282 906 3366 habent,
931 3283 1023 3367 quod
1044 3285 1089 3348 sit
1110 3285 1145 3349 in
1162 3285 1271 3352 offen·

251 3418 357 3461 sione.

145 3504 397 3594 Epistulae:

344 3613 377 3693 1,
412 3612 424 3674 l
465 3611 596 3694 εὔχομαι
620 3607 659 3690 δὴ
688 3617 750 3684 τοῖς
773 3608 859 3685 θεοῖς
886 3617 956 3684 πᾶςι
985 3610 1038 3671 καὶ
1060 3608 1174 3685 πάσαις
1198 3659 1270 3693 ...,

253 3740 339 3804 quae
360 3715 550 3781 obsecratio
572 3714 683 3778 nescio
704 3737 750 3778 an
771 3713 887 3799 inepta
908 3713 1056 3778 imitatio
1073 3715 1118 3778 sit
1134 3715 1269 3802 pulchri

254 3826 346 3890 illius
370 3822 502 3888 exordii
527 3822 562 3886 iu
587 3821 741 3886 oratione
765 3819 807 3883 ‹le
830 3841 966 3886 corona.

342 3932 363 3995 2
395 3953 427 4017 p.
455 3931 554 4012 1471,
586 3930 619 3996 9:
660 3931 729 3992 οὔτε
753 3930 814 4012 γὰρ
838 3925 967 4013 titiam(
991 3929 1070 4012 ὑμᾶς
1093 3929 1194 4013 οὐδέν,
1226 3931 1270 4010 ὡς

251 4043 387 4106 ἴστωσαν
404 4041 433 4104 el
449 4041 517 4104 1εοὶ
532 4039 712 4129 καὶιῆρωες,
733 4044 878 4121 μαρτυρεῖ
899 4035 932 4100 δὲ
955 4058 1004 4121 μοι
1024 4047 1085 4114 πᾶς
1107 4038 1124 4101 t
1144 4039 1270 4122 πρόσθε

252 4146 487 4233 παρεληλυθὼς
510 4147 625 4232 χρόνος
649 4194 704 4210 ...
