2850 4576
711 105 932 173 -24..

348 301 401 385 40,
426 302 467 365 61
504 303 558 367 ἐὰν
593 303 652 389 βοᾷ
686 307 739 368 καί
774 306 944 391 σχετλιάζη
1054 311 1155 392 πρός
1190 310 1281 388 Διὸς
1315 315 1385 376 καί

420 413 542 496 θεῶν,
566 412 607 496 μη
632 413 807 496 ἐπιτρέπετε
831 417 924 500 αύτῷ.

347 519 400 602 55,
425 520 445 582 9
471 520 552 584 ἀλλὰ
567 521 736 606 προσέχετε
817 525 908 606 πρὸς
928 523 1010 601 Διός
1034 529 1095 589 καὶ
1115 527 1213 591 θεῶν
1234 530 1286 592 τόν
1302 539 1383 593 νοῦν.

348 626 400 709 55,
426 627 468 690 35
496 627 548 711 11η
573 630 626 691 ούν
651 631 738 712 πρός
762 629 845 706 Διὸς
869 634 930 694 καὶ
953 632 1051 696 θεῶν
1074 635 1219 718 προῆσθέ
1244 658 1359 720 με

347 734 400 817 57,
425 735 469 798 50
603 734 670 815 (καί
702 758 752 820 μοι
782 738 1005 819 πρόςΔιός
1040 742 1107 802 καί
1137 740 1244 823 θεῶν
1276 744 1383 828 μηδείς

418 840 586 928 θυννβόσυ
612 892 618 906 ·
643 892 649 906 ·
674 848 693 924 ·)

347 948 405 1031 57,
425 948 468 1011 59
600 949 667 1029 (καί
690 971 740 1033 μοι
770 951 868 1032 πρός
900 952 1007 1015 θεῶν
1038 954 1105 1015 καί
1136 955 1243 1018 θεῶν
1275 957 1382 1041 μηδείς

418 1055 561 1142 ύπολόβη
586 1056 836 1137 δυσκόλως...)
950 1115 953 1121 ,

462 1162 560 1249 epist.
589 1163 609 1226 5
644 1186 723 1248 pag.
759 1164 857 1248 1490,
891 1166 911 1227 2
946 1166 1091 1252 δέομαι
1122 1167 1161 1254 δη
1194 1192 1248 1233 σου
1280 1173 1381 1253 πρός

525 1269 616 1346 Διός
640 1269 773 1348 ξενίου
797 1275 865 1335 καί
887 1273 1049 1337 πάντων
1071 1284 1148 1339 τῶν
1181 1277 1303 1360 θεῶν,
1336 1277 1380 1362 μίγ

524 1400 561 1463 με
585 1377 787 1463 καταστήσῃς
890 1390 1049 1466 περιπετῆ.

259 1566 265 1596 ,
344 1487 466 1569 42,17
501 1485 575 1562 Πῶς
599 1487 652 1548 ούν
685 1485 789 1562 ἄλλως
819 1488 919 1568 πρός
950 1498 1026 1551 τῶν
1058 1489 1164 1552 θεῶν
1196 1493 1264 1554 καί
1294 1492 1380 1554 δαι-

417 1594 547 1686 μόνων
572 1593 769 1656 ἐπιδεικνύειν
794 1594 863 1677 ύμῐν
887 1594 932 1657 δεῖ
956 1619 1024 1678 ...3

344 1703 397 1784 28,
422 1702 466 1766 20
502 1701 691 1784 ἱκετεύω,
722 1700 923 1786 ἀντιβολῶ
952 1705 1050 1786 πρὸς
1077 1703 1249 1788 παίδων,
1279 1708 1380 1788 πρὸς

416 1816 638 1894 γυναικῶν,
661 1808 762 1890 πρὸς
786 1817 861 1870 τῶν
886 1809 1013 1872 όντων
1038 1810 1206 1893 ἀγαθῶν
1230 1812 1328 1895 ύμῖν.

300 2025 325 2087 ὡ
428 2020 598 2106 reperitur
623 2019 882 2106 duodetriginta
906 2021 1006 2086 locis:

347 2130 397 2214 19,
423 2130 486 2194 113
522 2130 613 2204 αὐτός
637 2129 679 2192 ὢν
704 2129 790 2214 οἶμαι
813 2129 991 2213 θαυμάσιος
1015 2130 1218 2216 στρατιώτης,
1247 2133 1271 2195 ὡ
1296 2132 1379 2196 Ζεῦ.

214 2262 216 2266 ”
344 2240 374 2322 6,
399 2239 441 2302 37
476 2237 560 2301 ταῦτί
585 2239 638 2299 οὖν
742 2237 784 2320 μη
809 2236 935 2321 γίνοιτο,
960 2238 985 2300 ὡ
1009 2238 1159 2314 πάντες
1183 2238 1282 2302 θεοί.

343 2347 374 2428 9,
400 2346 442 2410 76
466 2346 512 2407 ότι
528 2344 553 2407 δ’
570 2345 639 2428 ὑμῖν
656 2343 743 2426 δόξει,
767 2343 856 2426 τοῦτ’,
880 2345 904 2406 ‹I›
922 2344 1055 2420 πάντες
1072 2344 1166 2428 θεοί,
1190 2343 1378 2429 συνενέγκοι.

345 2453 396 2535 18,
423 2451 488 2516 324
517 2449 570 2533 Μη
595 2448 670 2533 δῆτ’,
694 2451 719 2512 ὡ
743 2450 892 2526 πάντες
916 2449 1023 2534 θεοί,
1047 2451 1152 2535 μηδείς
1175 2451 1267 2514 ταῦθ’
1292 2452 1379 2534 ὑμῶν

416 2559 607 2642 ἐπινεύσειεν,
631 2609 637 2622 .
655 2608 685 2623 ..

343 2666 373 2749 9,
399 2664 439 2730 31
477 2665 502 2728 εἰ
525 2664 558 2728 δέ
581 2665 752 2749 γεδοῦλος
854 2664 1048 2749 ἐλυμαίνετο,
1080 2664 1289 2749 Ἡράκλεις,
1313 2667 1376 2750 όσῳ

415 2772 533 2857 μᾶλλον
558 2771 654 2835 δεινόν
679 2821 733 2836 ...
1269 2835 1273 2840 .

345 2881 397 2964 19,
423 2881 488 2945 308
527 2879 604 2943 είναί
634 2901 667 2944 τε
701 2882 753 2944 τόν
784 2879 824 2943 Φ.
855 2879 959 2962 αὐτόν,
990 2878 1223 2964 Ἡράκλεις,
1258 2881 1377 2967 ἑλληνι-

413 2989 556 3054 κὼτατον
581 2989 751 3071 ἄνθρωπον
776 3038 829 3053 ...

342 3098 394 3181 21,
420 3097 463 3161 66
493 3099 548 3160 καί
575 3096 631 3178 την
659 3094 736 3158 ἰδίαν
765 3094 892 3179 δύναμιν
916 3093 1044 3177 κρείττω
1068 3104 1129 3158 τῶν
1153 3095 1256 3180 νόμων
1280 3097 1375 3160 οὖσαν

413 3204 650 3288 ἐνδεικνύμενον,
662 3202 871 3285 Ἡράκλεις,
888 3201 967 3288 βαρὺ
980 3205 1034 3266 καὶ
1046 3204 1117 3288 οὐχὶ
1129 3202 1248 3268 δίκαιόν
1261 3203 1322 3266 ἐστι
1336 3253 1375 3268 ...

459 3312 510 3394 18,
536 3310 601 3373 285
703 3309 796 3394 ὠμῶς
817 3311 871 3371 καὶ
888 3309 1030 3392 ἀναιδῶς,
1054 3310 1079 3372 ῶ
1104 3309 1171 3372 Ζεῦ
1196 3313 1258 3372 καί
1281 3310 1374 3394 θεοί,

519 3417 779 3503 κατηγορούντων
803 3417 876 3501 ἐμοῦ
901 3467 955 3481 ...

342 3526 485 3610 20,167
509 3533 644 3600 ...τοῖς
664 3523 689 3586 δ’
711 3523 789 3608 όλην
812 3523 868 3606 την
891 3523 979 3587 πόλιν
999 3521 1148 3608 κίβδηλον
1171 3525 1224 3585 καί
1247 3525 1374 3586 ἄπιστον

244 3664 252 3670 ·
281 3679 283 3682 -
410 3643 530 3698 ποιοῦσι
554 3631 648 3716 λόγον
673 3628 797 3694 δώσετε.
821 3631 856 3692 ού
881 3628 981 3713 δήπου
1004 3628 1032 3713 γ’
1057 3629 1082 3691 ὡ
1107 3628 1174 3691 Ζεῦ
1198 3631 1259 3691 καὶ
1281 3628 1373 3693 θεοί.

199 3790 203 3802 .
340 3741 436 3825 23,1
421 3740 484 3804 186
518 3737 706 3822 ἡπόλις.
723 3736 899 3818 ,ἐφρούρει
921 3734 1115 3819 Χαρίδημον.
1145 3734 1243 3798 καλόν
1267 3757 1315 3820 γε,
1338 3736 1373 3798 σύ

411 3846 484 3932 γάρ,
509 3847 534 3909 ῶ
558 3845 626 3909 Ζεῦ
650 3847 712 3907 καί
736 3842 830 3926 θεοί,
854 3844 888 3918 δς
912 3841 1004 3918 αὐτός
1024 3863 1100 3905 ποτε
1119 3844 1191 3918 τοὺς
1211 3841 1374 3925 ὑμετέρους

435 3952 746 4036 .....ἐδορυφόρει

340 4060 392 4144 32,
411 4004 460 4123 23
487 4070 554 4137 πῶς
576 4062 636 4145 γὰρ
660 4060 749 4123 οὐκ.
766 4057 918 4122 ..δεινὸν
943 4057 980 4119 ἂν
1001 4055 1130 4140 γίνοιτο,
1153 4056 1248 4121 εί..“
1249 4056 1373 4141 ,ψηφί-

411 4165 535 4230 σαισύε·
527 4166 602 4251 ,μὴ
627 4162 778 4248 δηπου,
760 4185 784 4227 ω
809 4163 881 4225 Ζεῦ
906 4164 974 4225 καί
997 4161 1095 4226 θεοί.
